2948 5040
93 154 136 227 10

90 339 195 418 natue,
229 341 262 401 et
281 335 317 401 in
349 335 502 403 thronum
523 336 650 422 regium
674 333 849 401 collocatur
884 331 954 397 fuit
997 330 1158 397 Dominus
1192 337 1225 395 et
1245 347 1307 395 rex
1329 325 1388 394 ille

88 437 237 523 Mathiae,
261 442 410 527 quamvis
433 440 474 508 de
496 441 590 507 annis
607 440 740 531 juvenis
761 439 868 522 fuerit,
891 436 948 503 alti
970 445 1079 502 tamen
1102 444 1134 501 et
1156 432 1290 522 grandia
1320 432 1386 499 fuit

88 543 198 619 animi,
220 543 394 612 virtutibus
416 543 611 633 quibusdam
634 553 667 610 et
688 542 832 609 moribus
854 541 1031 630 praeditus,
1054 540 1150 606 homo
1170 538 1274 605 virilis
1290 535 1384 626 judi-

89 647 141 729 cii,
170 647 296 732 ingenii
327 650 425 714 astuti
448 657 480 714 et
500 647 681 737 prudentis.
725 647 769 712 Et
798 668 871 712 cum
893 645 1000 710 adhuc
1021 645 1153 711 vivente
1175 664 1254 729 rege
1287 639 1387 709 Wla·

89 748 192 815 dielao
209 752 280 838 jam
301 761 409 819 mente
431 775 491 819 cua
511 753 668 835 volveret,
703 751 864 839 quomodo
887 750 1036 817 dominus
1060 757 1092 813 et
1120 771 1181 814 rex
1201 747 1296 834 regni
1318 745 1385 811 Bo

88 851 216 919 hemiae
237 853 309 920 fieri
330 865 450 946 poeeet,
473 858 564 923 miris
592 864 623 923 et
644 857 760 925 astutis
782 855 899 922 mediis
921 854 964 920 ad
978 852 1060 921 illud
1082 853 1232 941 pervenit
1253 858 1287 917 et
1307 873 1383 939 per·

88 955 174 1040 iecit,
197 966 233 1023 ut
255 981 328 1024 cum
352 961 462 1027 multis
483 960 639 1028 Bohemie
661 960 838 1027 amicitiam
867 959 1008 1043 inivcrit,
1032 966 1064 1024 et
1084 957 1276 1044 praesertim
1306 977 1384 1021 cum

87 1061 235 1149 principe
256 1061 417 1147 Hincone‚
439 1063 507 1154 filio
529 1066 616 1153 regie
629 1065 774 1150 Georgii,
797 1073 829 1129 et
851 1087 925 1130 cum
947 1063 1055 1129 multis
1077 1063 1150 1127 aliie
1173 1061 1215 1127 de
1242 1058 1382 1125 statibus

89 1158 291 1261 dominorum
314 1176 356 1233 >et
385 1170 526 1256 equestri
558 1170 653 1256 regni
674 1168 861 1248 Bohemiae‚
893 1188 977 1256 quae
999 1165 1143 1234 amicitia
1167 1162 1383 1253 postmodum

89 1271 155 1338 illie
178 1272 315 1340 entibus
337 1294 456 1360 magno
478 1274 539 1340 fuit
557 1275 659 1358 oneri,
684 1281 780 1361 atque
796 1272 919 1339 eisdem
933 1272 1100 1338 interitum
1122 1269 1278 1352 cantavit,
1301 1267 1383 1333 dum

87 1397 206 1464 nempe
226 1376 271 1443 de
293 1377 473 1465 equitibus,
504 1376 693 1444 Alexander
721 1375 939 1464 Podwineky‚
969 1377 1016 1441 ite
1043 1375 1171 1458 dictae,
1201 1392 1276 1439 cnm
1302 1370 1381 1437 aliie

91 1498 138 1546 ex
157 1472 311 1547 mandato
333 1483 421 1566 regie
442 1480 616 1548 Wl'adielai
637 1480 722 1546 infra
744 1500 853 1546 arcem
882 1500 1077 1568 pragensem
1097 1478 1133 1543 in
1154 1474 1377 1543 Pohcrnelecn

89 1583 123 1648 in
146 1591 283 1671 quatuor
303 1593 413 1673 partes
433 1584 569 1650 dissecti
584 1593 675 1668 eunt,
698 1605 783 1649 anno
804 1584 938 1650 Domini
966 1584 1081 1650 eodem
1105 1583 1200 1666 1490,
1229 1590 1377 1668 tempore

89 1685 321 1773 Pentecostee3
346 1687 476 1753 tandem
498 1688 562 1753 duo
586 1689 676 1754 cives
697 1688 889 1772 Prageneee‚
908 1688 1087 1775 Procopius
1108 1686 1239 1773 Kreycn
1261 1692 1296 1750 et
1317 1682 1379 1751 Sil·

88 1799 198 1856 vester
219 1790 409 1858 Sladownik
438 1793 473 1856 in
502 1791 572 1857 foro
599 1814 701 1880 penes
727 1792 903 1858 numellam
935 1794 1040 1880 capite
1070 1793 1210 1857 cuneati
1238 1789 1381 1857 fuerunt

87 1894 132 1962 Et
152 1896 198 1962 ita
220 1895 255 1961 hi
275 1905 411 1985 quatuor
432 1896 474 1963 ob
497 1896 661 1985 quandam
683 1898 939 1986 conjurationem
961 1918 1034 1963 cum
1056 1918 1135 1983 rege
1158 1894 1282 1960 Mathia
1305 1916 1380 1961 con·

89 2009 143 2068 tra
171 2025 284 2090 regem
312 2011 348 2068 et
367 2000 535 2068 dominum
558 2022 651 2067 suum
673 2002 787 2069 initam
809 2023 932 2090 poenae
954 2000 1045 2068 luere
1067 1999 1258 2067 debuerant
1293 1997 1379 2081 Quo·

90 2128 218 2195 cunque
240 2107 370 2173 demum
392 2104 488 2171 modo
511 2104 545 2170 id
567 2106 737 2192 processit,
772 2114 873 2172 totum
908 2107 995 2172 enim
1028 2105 1206 2171 Bohemiae
1238 2126 1377 2192 regnum

88 2211 175 2280 illud
191 2212 298 2296 novit,
321 2213 421 2277 etiem
441 2210 595 2296 princepe
615 2210 725 2276 Hinco
745 2210 1029 2278 Podiebradeneie.
1049 2210 1127 2276 lam
1147 2211 1218 2296 regi
1232 2209 1374 2275 Mathiae

86 2314 143 2383 via
173 2314 316 2402 patebat,
347 2320 385 2379 ut
416 2312 573 2399 colligens
607 2317 785 2380 exercitum
817 2316 985 2402 ingentem
1017 2315 1060 2380 ad
1100 2313 1377 2401 progrediendum

88 2418 198 2484 omnia
235 2417 422 2484 neucesaria
459 2418 520 2485 eibi
552 2422 804 2506 praeparaverit,
841 2420 903 2486 hac
943 2442 1002 2509 epe
1037 2420 1149 2504 fretur,
1187 2419 1277 2507 quod
1313 2420 1381 2487 eino

88 2543 209 2608 magne
229 2521 421 2588 difficultate
453 2531 485 2589 et
504 2523 737 2610 impedimento
759 2524 951 2591 Bohemiem
972 2527 1098 2591 intrans
1119 2545 1232 2610 regem
1257 2523 1381 2593 wladi-

87 2625 194 2693 elaum
215 2625 258 2693 de
268 2649 371 2713 regno
386 2627 539 2715 expellat.
562 2627 629 2695 Sed
643 2630 847 2717 omnipotens
858 2630 961 2713 Deus,
984 2631 1039 2718 qui
1054 2651 1075 2695 a
1089 2629 1250 2716 principio
1273 2629 1381 2697 omnic

89 2729 261 2817 praevidit,
282 2732 494 2798 intentionem
515 2733 586 2820 ejue
608 2731 847 2800 fraudulentam
868 2733 1047 2817 dectruxit;
1082 2735 1166 2799 eicut
1196 2733 1284 2799 enim
1316 2732 1378 2799 Ne·

89 2831 392 2902 buchodonceorum
413 2858 525 2921 regem
549 2844 582 2901 et
602 2836 815 2904 Holofernem
838 2839 1044 2926 capitaneum
1075 2838 1145 2926 ejue
1168 2858 1242 2903 cum
1264 2860 1376 2905 eorum

91 2947 241 3026 cneocpto
262 2939 349 3005 malo
371 2948 404 3005 et
424 2939 629 3007 fraudulento
652 2941 787 3009 coneilio
821 2950 934 3008 contra
953 2941 1100 3008 Judaeoe
1126 2941 1323 3009 annihilavit
1344 2953 1376 3009 ct

89 3041 266 3109 eorumdem
290 3045 469 3111 exercitum
489 3044 681 3134 dissipavit3
703 3049 750 3113 ita
772 3047 869 3111 etiam
892 3046 979 3113 hunc
999 3069 1112 3132 regem
1133 3046 1292 3113 Mathiam
1309 3069 1379 3115 oum

89 3147 269 3234 capitaneis
290 3149 362 3238 ejue
384 3152 568 3237 prostravit.
591 3151 680 3217 Dum
703 3152 789 3217 enim
806 3152 878 3239 jam
900 3174 974 3217 cum
995 3153 1143 3217 exercitu
1158 3159 1191 3218 et
1212 3153 1301 3219 omni
1323 3174 1375 3240 ap

90 3259 206 3339 paratu
228 3253 381 3340 progredi
403 3253 568 3334 voluisset,
590 3256 758 3343 inopinato
775 3257 868 3342 gravi
882 3256 997 3323 morbo
1018 3255 1163 3339 obrutus,
1192 3255 1258 3322 imo
1277 3265 1379 3324 morte

94 3354 201 3421 cubita
231 3368 428 3444 praeventus
456 3360 527 3438 fuit,
557 3362 721 3426 exercitus
747 3369 855 3426 autem
877 3363 949 3449 ejus
979 3360 1156 3448 dispersus,
1179 3363 1280 3428 etita
1302 3383 1373 3429 cum

91 3460 217 3527 intento
238 3483 298 3527 ouo
320 3463 403 3529 nihil
433 3464 550 3547 effecit,
584 3464 642 3530 ced
665 3466 718 3530 cui
740 3465 869 3533 foveam
890 3465 981 3550 fodit,
1004 3467 1132 3553 ipsein
1155 3486 1226 3531 eam
1250 3466 1374 3535 incidit.

91 3562 184 3629 Deus
216 3566 306 3631 enim
336 3568 408 3652 regi
441 3567 621 3635 Wladielao
656 3569 824 3634 victoriam
859 3571 1030 3654 concessit,
1067 3571 1113 3635 ita
1145 3568 1232 3658 quod
1258 3569 1380 3660 absque

90 3669 190 3737 armie
211 3678 245 3737 et
264 3668 350 3736 bello
374 3673 457 3737 citra
489 3695 582 3759 apem
615 3695 706 3739 suam
728 3697 866 3761 regnum
898 3674 1090 3762 Hungariue
1112 3674 1306 3760 obtinuerit,
1328 3675 1380 3764 qui

89 3779 185 3839 autea
208 3773 353 3862 quotidie
374 3775 555 3863 periculum
575 3777 750 3844 imminens
773 3778 945 3845 metuebat.

641 4034 788 4102 CAPUT
811 4038 841 4102 2.

91 4154 127 4216 In
163 4179 222 4236 quo
248 4160 348 4238 agitur
382 4163 420 4222 de
442 4163 598 4223 nativitate
621 4165 700 4244 regie
724 4164 871 4226 Ludovici
896 4171 923 4224 et
947 4164 1010 4241 ejus
1034 4164 1144 4225 sororis
1168 4162 1289 4230 Annae.
1336 4168 1381 4227 De

94 4246 232 4319 stultitia,
265 4267 355 4324 quam
384 4251 464 4328 apud
487 4248 518 4310 S.
544 4252 692 4313 Thomam
716 4260 921 4313 exercuerunt.
968 4251 1008 4309 Et
1031 4252 1068 4309 de
1090 4252 1218 4312 tumultu
1242 4262 1271 4312 et
1294 4253 1382 4315 inter·

412 4336 541 4399 lectione
562 4340 776 4418 Hungnrorum
798 4342 829 4399 in
852 4358 948 4418 parva
969 4345 1063 4416 parte.

177 4514 342 4604 Susceptie
355 4519 414 4586 cub
428 4519 606 4587 dominium
618 4543 710 4587 suum
731 4529 763 4587 et
775 4520 1044 4608 gubernationem
1056 4520 1108 4586 his
1123 4521 1254 4591 duobus
1263 4526 1385 4613 regnis,

93 4623 292 4690 Wladislaue
315 4647 354 4689 ea
375 4627 462 4690 rexit
477 4624 519 4690 ad
542 4626 744 4711 trigesimum
766 4626 907 4711 primum
929 4627 982 4692 vel
1005 4627 1183 4693 secundum
1205 4650 1308 4717 utque
1331 4651 1386 4695 an·

78 4747 168 4812 nerra,
187 4729 394 4800 numerando
416 4751 438 4796 a
458 4729 791 4822 principioadventue
814 4731 1078 4822 ejueinrcguum
1090 4732 1272 4803 Bchemiae
1284 4757 1295 4814 ς
1319 4742 1387 4805 tum
