2948 5040
57 123 75 145 “·
111 147 208 223 ,ιιι

95 348 97 352 ·
135 319 341 409 admiserunt.
376 318 518 399 ¹,Verum
556 338 623 385 non
655 318 803 385 omnibus
815 367 825 403 ,
862 318 921 385 sed
955 319 1007 385 oui
1039 317 1088 389 illi
1117 319 1298 406 voluerunt,
1321 327 1355 386 et
1377 322 1439 387 cui.

136 426 241 512 magis
262 423 425 508 favebant,
447 430 544 512 prout
564 422 673 490 multis
695 424 840 509 contigit,
864 423 949 511 quod
971 424 1065 490 etiam
1088 411 1342 512 boc‘sper'ar'rtes
1376 449 1430 493 ex·

112 531 364 619 'spectaverint
399 527 528 594 interim
550 540 592 592 ex
613 527 747 603 civitate
780 526 869 593 exire
900 526 1088 617 debuerunt,
1114 528 1231 616 quibus
1252 552 1315 597 nec
1354 528 1432 596 illae

135 633 248 723 literae
269 633 466 723 profuerunt,
481 633 565 698 sicut
585 630 706 697 factum
726 630 787 697 fuit
808 629 902 698 Gallo
924 631 965 699 ab
985 641 1139 719 argentea
1157 634 1253 718 Rosa
1270 643 1305 701 et
1327 635 1431 703 Geor
1435 720 1440 727 Ι

136 740 190 827 gio
226 737 341 823 Tatek,
362 739 478 805 sartori
516 746 586 820 etc,
610 738 666 824 qui
700 758 765 801 una
777 749 876 803 atam
895 736 946 804 his
968 738 1034 803 suis
1056 719 1326 805 testimonialibus
1358 740 1431 807 lite-

134 842 180 908 ris
217 842 411 910 decivitate
446 840 544 908 edicti
581 849 613 906 et
634 842 733 906 amoti
765 839 904 907 fuerunt.
947 841 1066 908 Multos
1089 843 1187 909 etiarn
1216 866 1282 909 non
1318 847 1432 910 statim
1462 834 1464 839 ¹

61 940 66 951 ’
134 949 181 1015 ita
202 955 422 1037 susceperunt,
444 946 502 1013 sed
523 945 602 1011 satis
624 945 680 1012 diu
703 968 757 1011 eos
780 945 1026 1028 detinuerunt,
1016 966 1050 1011 m
1073 946 1202 1034 egentia
1224 958 1255 1014 et
1289 969 1432 1039 pauper-

125 1061 201 1117 'tate
221 1051 359 1136 illorum,
384 1073 449 1117 non
471 1049 677 1117 admittentes
691 1051 930 1117 illosallmenta
952 1073 1010 1116 sua
1031 1073 1197 1138 quaerere,
1223 1054 1321 1140 juxta
1350 1053 1430 1119 libi·

134 1163 202 1229 tum
233 1157 409 1245 proprium,
428 1155 550 1225 ,donec
567 1157 637 1244 jam
659 1154 758 1245 aliqui
779 1154 821 1221 de
842 1158 975 1244 propria
1006 1158 1075 1223 vita
1101 1150 1244 1244 pertaesi
1277 1155 1430 1233 fuissent.

134 1257 248 1349 ltaque
273 1284 347 1328 cum
368 1261 434 1327 illis
447 1270 593 1349 egerunt
614 1260 726 1328 elerici
747 1269 780 1326 ιι
802 1260 1187 1348 saeculares-praesertim
1202 1259 1429 1344 notabiliores,

40 1426 43 1433 .
134 1365 259 1437 ιιιιοιιιι
279 1387 353 1433 suos
376 1364 418 1431 ab
443 1364 508 1432 illis
530 1364 713 1432 hominibus
735 1367 930 1454 pauperibus
963 1374 996 1433 et
1018 1365 1103 1431 dona
1125 1367 1343 1453 percipientes
1371 1366 1431 1433 sub

134 1473 265 1539 nomine
295 1465 373 1537 fidei
402 1470 606 1549 christianae,
636 1479 680 1554 nt,
704 1472 759 1559 qui
788 1470 900 1556 aliqua·
927 1470 1016 1541 ‚dona
1045 1470 1143 1553 dedit,
1175 1481 1206 1535 et
1228 1469 1338 1561 solvit,
1373 1469 1428 1534 ille

136 1574 220 1642 liber
231 1575 328 1641 fuerit
362 1597 383 1640 a
415 1575 589 1659 citatione3
624 1576 678 1662 qui
707 1596 785 1641 vero
817 1574 897 1639 illud
929 1583 1094 1662 praestare
1126 1596 1191 1639 non
1227 1575 1333 1662 potuit
1345 1622 1355 1657 ,
1391 1575 1431 1640 de

134 1680 265 1747 civitate
293 1677 417 1768 edictus
444 1679 513 1744 fuit.
559 1677 703 1759 Quilibet
723 1679 831 1766 itaque
846 1744 849 1753 ,
863 1678 1020 1766 quaedam
1053 1679 1190 1745 offerens
1223 1688 1256 1743 et
1292 1677 1428 1771 donans,

133 1806 192 1872 pro
213 1783 298 1851 bono
321 1779 495 1849 christiano
533 1783 665 1854 etoivs
698 1784 826 1870 agnitus
859 1791 906 1863 et,
926 1782 1093 1849 toleratus*
1115 1783 1189 1866 fuit,
1221 1784 1317 1870 quasi
1349 1805 1429 1849 neo-

132 1892 228 1955 natus'
262 1888 383 1954 fuisset.
420 1876 518 1969 ⁴Quae
540 1896 627 1953 certe
649 1889 726 1972 scio,
748 1888 829 1953 baec
849 1888 962 1975 loquor
985 1898 1018 1955 ιι
1028 1881 1080 1954 ἰιι
1116 1888 1216 1974 digito
1252 1886 1338 1952 nihil
1377 1909 1429 1951 ex·

135 1994 218 2059 suxi.
261 1992 334 2061 Hoc
354 1993 498 2059 breviter
518 1991 647 2086 addam,
671 1991 756 2080 quod
778 1993 903 2080 Pragae
922 1992 1004 2061 nihil
1026 2004 1136 2061 aetum
1164 1992 1269 2073 fuerit,
1293 1990 1361 2056 nisi
1374 1988 1427 2061 ubi

131 2107 300 2185 argentum
321 2097 510 2187 praevaluit.
553 2097 645 2179 Quae
662 2104 774 2164 autem
794 2104 867 2163 acta
888 2097 955 2162 sint
976 2119 1048 2163 cum
1069 2096 1214 2183 Judaeis,
1226 2095 1266 2163 id
1287 2095 1326 2161 in
1346 2093 1426 2160 libro

131 2202 195 2269 boc
215 2225 286 2290 cap.
309 2203 359 2270 26.
373 2198 484 2270 ¹fusius
504 2203 673 2291 reperitur.
715 2201 759 2268 Et
780 2224 838 2290 pro
860 2202 986 2268 meliori
1008 2203 1122 2268 notitia
1139 2200 1254 2266 horum
1270 2201 1423 2284 omnium,

133 2307 318 2397 exemplum
355 2308 475 2376 saltem
491 2329 591 2373 unum
612 2306 821 2373 correctionis
856 2307 892 2371 in
913 2304 1060 2394 collegio,
1084 2313 1116 2371 et
1147 2305 1423 2375 revocationisin

132 2412 253 2503 templo
275 2413 330 2480 hic
351 2433 488 2502 appono.

437 2574 441 2585 ’
554 2646 557 2651 .
672 2601 817 2669 curor
847 2570 978 2683 10sp

133 2780 172 2842 Ia
203 2800 262 2859 quo
300 2781 444 2842 describit
432 2791 489 2857 tur,
520 2782 637 2857 qualem
669 2784 812 2861 magister
843 2781 951 2843 Gallus
986 2784 1199 2863 obligationem
1232 2784 1374 2845 ediderit
1392 2764 1433 2843 ιι
1462 2804 1464 2811 ·

134 2869 309 2947 imposuerit
331 2867 385 2942 eis,
407 2876 569 2945 antequam
591 2871 805 2930 correctionem
826 2869 1055 2947 praestitissent.
1099 2873 1237 2944 Tandem
1272 2871 1415 2947 quomodo

115 2974 200 3033 ‚cam
222 2975 281 3017 nno
304 2958 341 3016 de
359 2956 530 3017 Piakhartis
552 2954 687 3017 Czahera
707 2957 902 3035 processerim
923 2958 994 3017 item
1017 2958 1134 3036 qualem
1156 2958 1372 3053 correctionem
1392 2965 1416 3017 ιι

545 3045 780 3105 revocationem
787 3045 1003 3123 praestiterint.

208 3158 328 3224 Primo
351 3157 393 3223 de
425 3160 623 3226 correctione
655 3169 776 3247 agetur.
812 3162 898 3228 Dum
934 3161 1092 3250 quaedam
1114 3184 1272 3250 personae
1306 3140 1415 3229 citatae

126 3260 264 3328 fuerunt
284 3261 327 3328 ad
347 3264 572 3330 consistorium
601 3265 655 3330 die
676 3265 832 3331 Mercurii
858 3274 932 3333 ante
965 3266 1159 3334 dominicam
1191 3267 1357 3355 passionis
1386 3267 1415 3331 in

134 3367 274 3454 crastino
296 3376 370 3454 post
391 3367 479 3433 diem
501 3367 534 3435 S.
557 3367 732 3449 Ambrosii,
753 3393 839 3437 anno
863 3380 924 3436 etc.
948 3373 1011 3455 24,
1041 3382 1107 3437 tum
1129 3371 1285 3438 allocutos
1309 3390 1416 3437 omnes

132 3469 193 3535 fuit
213 3470 463 3556 administrator,
496 3475 642 3560 quamvis
666 3474 771 3540 latiori
806 3484 839 3540 et
868 3476 1015 3564 ampliori
1050 3498 1216 3559 sermone
1233 3484 1266 3541 et
1297 3466 1416 3558 verbis,

22 3568 25 3579 '
132 3575 168 3640 in
189 3574 395 3642 hunctamen
418 3598 569 3643 sensum:
595 3578 756 3664 „Hocvos
780 3581 863 3646 scire
876 3589 1010 3669 oportet,
1032 3604 1091 3647 vos
1113 3581 1186 3647 ideo
1208 3583 1415 3660 essecitatos,

134 3679 219 3766 quod
241 3702 358 3769 nempe
390 3681 487 3747 fidem
518 3691 662 3749 sanctam
692 3685 815 3769 attinet,
846 3694 881 3750 ιιι
910 3684 1086 3773 quemlibet
1118 3690 1306 3767 nosceretis,
1343 3689 1415 3779 quid

135 3783 255 3861 credat,
289 3784 426 3874 ideoque
457 3772 593 3874 quilibet
624 3799 767 3854 vestrum
797 3788 1002 3877 singulariter
1035 3789 1129 3856 nobis
1162 3791 1257 3876 dicet,
1292 3803 1327 3859 et
1360 3794 1414 3861 sub

132 3890 348 3955 conscientiae
371 3913 448 3956 suae
469 3891 612 3958 laesione
644 3917 684 3959 ac
705 3903 837 3961 aeterna
870 3895 1076 3961 damnatione
1098 3892 1268 3962 veritatem
1289 3899 1414 3985 profite

132 3990 229 4076 bitur,
251 4016 316 4059 non
331 3984 515 4084 respiciens
536 4019 692 4084 personas
714 4007 853 4084 nostras,
876 4009 911 4066 ut
934 3999 1093 4088 quaedam
1115 4010 1228 4067 contra
1248 4005 1413 4070 conscien-

131 4097 210 4164 tiam
233 4120 323 4164 suam
345 4108 474 4166 coaetus
496 4110 616 4187 ageret,
641 4103 724 4169 sicut
711 4103 845 4169 tfrater
858 4104 997 4170 Mathias
1019 4104 1060 4171 de
1081 4105 1176 4172 nobis
1199 4104 1334 4192 scribit3
1358 4127 1414 4172 nea

130 4203 212 4269 forte
234 4205 332 4269 etiam
354 4203 395 4270 ob
415 4213 536 4271 metum
566 4208 748 4273 amissionis
762 4208 986 4275 alimentorum
1002 4232 1141 4294 suorum,
1164 4211 1280 4276 timens
1301 4234 1347 4279 ne
1368 4213 1413 4278 his

129 4308 284 4396 privetur,
308 4307 366 4374 sed
389 4309 495 4396 quivis
517 4312 679 4397 respiciat,
711 4334 793 4399 qnae
826 4313 916 4379 illurn
938 4314 1054 4399 hicet
1074 4317 1109 4380 in
1131 4315 1232 4381 altera
1262 4317 1333 4381 vita
1362 4339 1412 4384 ex·

130 4420 285 4500 spectant.
329 4412 396 4478 Nos
417 4413 513 4478 facile
535 4413 685 4504 decipere
720 4420 864 4504 potestis,
899 4420 972 4506 quia
992 4420 1140 4486 homines
1163 4441 1291 4504 sumus3
1323 4420 1412 4488 Deos

129 4539 208 4583 vero
229 4515 298 4584 salli
319 4539 385 4583 non
406 4525 522 4605 potest,
543 4520 608 4585 imo
620 4519 749 4586 facilius
763 4523 905 4588 animam
928 4522 1044 4609 aliquis
1060 4545 1150 4588 suam
1173 4522 1287 4591 fallere
1300 4536 1411 4614 potest

129 4619 230 4688 Fides
252 4630 370 4706 autem,
404 4645 487 4711 quae
515 4623 608 4691 vobis
640 4626 850 4712 intimabitur,
884 4650 927 4694 ex
955 4628 1029 4716 lege
1052 4626 1173 4694 Christi
1196 4637 1253 4713 est,
1287 4631 1324 4697 in
1353 4654 1412 4723 qua

122 4725 396 4810 praedecessores
417 4729 521 4795 nostri
541 4738 617 4796 ante
639 4739 769 4799 centum
778 4730 881 4801 annos
896 4733 1013 4801 ιιιοιιιιι
1025 4741 1109 4818 suut,
1130 4755 1189 4822 pro
1220 4739 1413 4823 quaomnia
