2948 5040
33 358 56 434 a
78 362 347 457 quibuscomitiis
360 364 500 435 exclusit
514 362 695 454 principem
717 359 880 447 Oarolum,
903 363 1068 431 dominum
1079 362 1159 434 Le'u
1173 374 1207 434 et
1219 378 1332 436 ornnes

30 470 164 556 judiees
197 462 304 540 terrae
338 494 412 538 cum
445 479 530 539 statu
557 471 701 559 equestri
734 471 781 536 eis
813 469 1020 552 adhaerente,
1044 482 1182 560 excepto
1205 474 1338 541 domino

34 568 171 643 Aramo
188 566 395 661 cancellario,
419 584 452 642 ct
473 569 603 641 domino
625 573 750 641 Jacobo
773 573 1013 643 subcamerario
1044 576 1220 641 eivitamm·
1233 579 1338 665 regia·

35 702 133 766 rum-3
163 703 206 747 ex
236 690 322 748 statu
343 680 434 747 civili
468 680 565 745 etiam
587 678 728 746 exclusit
749 679 941 767 Pragenses,
965 682 1099 768 quorum
1132 681 1257 747 nullum
1280 698 1341 749 rex

36 782 133 849 'citari
153 784 331 852 mandavit
354 780 408 849 ed
429 779 513 872 quae
537 784 670 849 comitia
690 785 843 849 convenit
863 802 982 869 magna
1019 783 1191 877 multitudo
1223 808 1340 875 proce·

34 910 120 972 rum,
160 891 314 978 equitum,
352 899 384 956 et
406 911 449 955 cx
471 888 654 955 civitatibus
677 886 912 975 ablegatorum,
942 888 991 953 'ita
1012 896 1139 954 uttam
1173 890 1208 954 iu
1245 888 1337 980 urbe,

36 1013 137 1079 quarn
160 994 195 1059 in
212 992 395 1083 praeurbiis
418 993 598 1060 diversaris
620 992 770 1059 sufficere
792 1014 858 1058 non
878 993 1053 1080 potuerint.
1081 989 1243 1083 Princeps
1259 1016 1339 1091 vcro

33 1103 71 1160 et
87 1095 238 1162 dominus
268 1095 354 1187 ,Lau
392 1119 465 1164 cum
487 1098 554 1163 sui's
578 1095 829 1163 adhaerentibus
860 1104 892 1161 et
927 1096 1147 1183 Pragensibus
1171 1101 1270 1165 etiam
1303 1099 1339 1165 in

32 1197 102 1264 non
138 1196 257 1288 'exi'guo
288 1222 423 1267 numero
447 1210 669 1267 convenerunt
708 1202 744 1266 in
765 1199 930 1266 Montibus
964 1198 1090 1268 Outuis.
1133 1200 1174 1267 In
1197 1203 1339 1271 crastino

32 1324 117 1370 vero
134 1302 192 1370 'die
214 1303 308 1371 Jovis
329 1307 364 1371 in
386 1304 438 1371 his
454 1306 592 1372 comitiis
615 1305 856 1374 Ouliniensibus
879 1326 977 1392 agere
998 1306 1239 1393 inceperuntde
1253 1306 1340 1375 bono

32 1409 128 1495 regio
168 1418 201 1493 et
222 1411 462 1477 communitatis
495 1411 581 1479 bono
614 1412 709 1497 regni
730 1409 907 1476 Bobemiae
930 1411 1048 1497 quiete,
1081 1413 1278 1477 unanimiter
1307 1418 1342 1479 ct

33 1514 251 1583 concorditer.
310 1514 440 1582 Interea
477 1516 681 1583 advenerunt
712 1538 733 1580 a
754 1514 918 1582 montibus
940 1513 1057 1580 Cutnis
1080 1515 1123 1580 ad
1143 1536 1209 1582 eos
1231 1517 1338 1583 nuntii

32 1618 77 1686 de
113 1619 276 1709 'equitibus
314 1629 347 1687 et
379 1619 601 1706 Pragensibus
624 1643 644 1687 a
665 1620 813 1709 principe
847 1628 880 1685 ot
900 1618 1032 1684 domino
1054 1618 1134 1686 Low
1156 1621 1261 1703 missi,
1284 1642 1340 1688 vo·

31 1723 140 1789 lentes
171 1723 207 1788 in
229 1725 368 1790 comitiis
402 1724 629 1814 expeditiones
652 1747 727 1791 suas
763 1716 948 1813 deponere3
979 1724 1130 1813 adquae
1164 1725 1338 1793 efficienda

31 1838 252 1917 porrexerunt
273 1828 383 1896 literas
405 1852 464 1918 pro
485 1830 551 1896 fide
574 1829 697 1897 eisdem
719 1828 912 1895 adhibenda.
956 1828 1022 1899 Ubi
1055 1831 1091 1894 in
1125 1832 1265 1897 comitiis
1299 1828 1337 1897 li·

31 1942 121 1999 teras
155 1934 287 2022 quidem
310 1956 432 2001 eorum
471 1943 705 2023 susceperunt3
738 1933 855 2001 horum
893 1928 1149 2023 publicationem
1182 1957 1260 2001 vero
1304 1945 1338 2002 et

27 2040 218 2106 nuntiorum
251 2038 494 2130 expeditionem
531 2039 738 2125 distulerunt,
776 2038 880 2135 donec
914 2039 1102 2106 conclusum
1130 2039 1338 2106 articulorum

29 2142 174 2210 statibus
195 2144 388 2212 traditorum
411 2146 594 2234 perfectum
615 2145 724 2211 fuerit.
766 2144 944 2234 Postquam
967 2146 1077 2233 itaque
1089 2143 1244 2210 articulos
1257 2158 1336 2211 con·

30 2247 216 2333 elusissent,
238 2252 307 2315 tum
329 2249 435 2338 primo
456 2250 568 2316 literas
586 2252 757 2338 jusserunt
777 2250 844 2336 legi
867 2259 900 2316 et
920 2250 1065 2315 nuntios·
1086 2246 1208 2334 audiri3
1232 2261 1330 2338 super

31 2352 121 2418 haec
143 2356 249 2420 omnia
272 2353 384 2420 datum
406 2354 468 2421 fuit
490 2355 569 2445 ipsis
590 2353 737 2420 debitum
758 2374 960 2444 responsum,
986 2374 1049 2443 quo
1072 2364 1207 2442 accepto
1228 2355 1336 2423 nuntii

35 2456 144 2524 denuo
168 2454 437 2546 ³Kuttenbergam
457 2461 584 2525 reversi
606 2468 689 2525 sunt.
739 2459 818 2526 Post
841 2459 927 2549 quod
949 2478 1143 2549 responsum
1163 2457 1334 2526 Colinian·

30 2582 86 2627 ses
107 2560 196 2629 nullo
217 2562 314 2631 modo
337 2564 421 2649 illos,
445 2566 501 2654 qui
523 2562 769 2652 Kuttenbergae
788 2565 927 2649 fuerunt,
951 2564 994 2630 ad
1015 2566 1167 2630 actiones
1182 2566 1333 2651 negotio:

27 2670 117 2733 rum¹
136 2689 266 2755 suorum
304 2668 480 2736 admittere
502 2669 686 2753 voluerunt,
709 2671 775 2735 imo
809 2671 939 2759 quando
962 2691 1074 2736 rursus
1107 2670 1260 2759 princeps
1290 2669 1335 2736 ad

28 2792 87 2839 eus
111 2769 276 2839 Colinium
297 2775 396 2859 misit,
419 2774 589 2862 enipeum
612 2774 717 2840 velint
736 2776 823 2867 inter
845 2798 881 2841 se
903 2774 1083 2856 admittere,
1107 2773 1193 2861 quod
1217 2773 1333 2840 lubens
1456 2786 1460 2793 '

28 2876 193 2944 cumillis
217 2877 258 2957 de
280 2882 422 2967 negotiis
445 2900 544 2966 agere
567 2878 657 2962 velit,
680 2879 728 2944 illi
750 2901 830 2946 vero
852 2881 975 2947 nuntiis
998 2878 1129 2959 auditis,
1152 2898 1189 2942 re
1211 2879 1334 2945 infecta

29 2994 85 3049 tos
108 2981 309 3067 dimiserunt,
342 3004 454 3049 omnes
476 2983 607 3072 publice
638 2984 794 3068 diceutes,
831 2976 894 3051 sibi
927 2985 990 3051 hoc
1021 2982 1244 3056 necessarium
1264 3003 1331 3049 nou

29 3080 112 3153 esse.
168 3085 238 3153 Illis
273 3109 352 3175 ergo
385 3086 501 3153 diebus
518 3089 739 3154 comitiorum
776 3089 927 3155 dominus
964 3089 1109 3155 Joannes
1133 3086 1267 3152 Hlawsa
1299 3096 1332 3154 et

26 3190 85 3258 alii
123 3193 230 3279 Praga
262 3192 391 3282 expulsi
425 3194 633 3260 insinuarunt
666 3196 775 3261 omnia
799 3216 858 3260 sua
880 3195 1070 3281 gravamina
1092 3212 1201 3257 coram
1224 3192 1327 3258 omni·

26 3294 90 3362 bus
126 3293 274 3380 statibus,
312 3296 399 3386 quod
430 3297 497 3365 Sua
519 3298 675 3386 Majestas
696 3298 802 3386 Regia
824 3298 958 3385 dignata
979 3296 1077 3362 fuerit
1099 3294 1165 3361 illis
1186 3294 1338 3382 benigne¹

25 3422 193 3490 propensa
226 3424 298 3467 esse
326 3402 424 3489 juxta
456 3402 677 3468 innocentiam
714 3426 828 3489 suam,
856 3403 1040 3490 Pragenses
1072 3422 1151 3467 vero
1174 3401 1207 3464 in
1230 3422 1330 3467 causa

26 3506 102 3589 sint,
126 3506 181 3593 qui
203 3507 317 3573 nolunt
338 3507 526 3573 mandatum
552 3516 584 3573 et
606 3509 806 3574 voluntatem
828 3507 952 3575 domini
986 3509 1036 3575 sui
1066 3505 1183 3590 exequi
1218 3514 1250 3570 et
1284 3505 1330 3572 ad

24 3608 109 3676 bueo
131 3613 336 3698 consentire3
359 3612 455 3677 simul
477 3611 643 3677 humiliter
664 3612 882 3701 proferebant,
906 3612 992 3701 quod
1014 3614 1197 3696 Pragenses
1207 3610 1325 3675 iterum

23 3734 91 3781 non
113 3715 240 3802 pridem
264 3716 305 3782 de
327 3715 392 3782 illis
414 3718 449 3781 in
471 3717 620 3782 civitates
633 3716 832 3804 scripserint,
852 3740 982 3783 causam
995 3718 1061 3783 illis
1089 3719 1204 3784 dantes
1232 3719 1330 3806 quasi-

22 3817 73 3885 illi
110 3820 223 3887 exules
257 3821 517 3905 sollicitarentur,
541 3830 579 3887 ut
599 3842 618 3886 a
640 3822 859 3908 Pragensibus
882 3844 1010 3890 omnem
1033 3833 1151 3890 statum
1188 3827 1326 3901 civilem,

22 3922 178 4010 avellant,
201 3924 259 3992 ubi
279 3924 321 3992 ab
344 3925 503 4005 omnibus,
525 3928 717 4016 praesertim
739 3926 899 4014 ablegatis
922 3929 1089 3994 civitatum
1101 3930 1328 3998 testimouium,

20 4029 187 4118 petebant,
208 4052 279 4097 rem
300 4053 336 4097 so
357 4032 404 4096 ita
424 4030 555 4118 habere,
589 4042 687 4122 prout
719 4034 816 4098 etiam
848 4032 958 4099 nullus
995 4055 1030 4099 sc
1064 4034 1252 4119 insinuavit,
1290 4044 1330 4103 ut

20 4132 93 4201 rem
115 4156 188 4201 esse
208 4136 324 4202 falsam
345 4135 532 4221 affirmaret,
554 4139 742 4226 petiverunt
762 4139 862 4225 igitur
883 4137 1041 4204 auxilium
1063 4147 1097 4204 et
1112 4140 1234 4228 justam
1249 4162 1325 4230 pro·

19 4240 192 4306 visionem.
237 4240 302 4306 Die
323 4239 497 4307 Dominica
518 4240 650 4307 tandem
663 4263 758 4308 mane
779 4242 925 4307 unanimi
937 4240 1102 4309 voluntate
1115 4254 1147 4311 et
1162 4266 1327 4312 consensu·

21 4341 135 4410 datum
164 4344 226 4411 fuit
246 4344 328 4433 ipsis
348 4366 550 4432 responsum,
586 4343 672 4435 quod
694 4367 753 4434 pro
775 4345 843 4412 illis
864 4345 973 4413 omnia
1003 4346 1143 4413 libenter
1163 4370 1262 4436 agere
1290 4358 1325 4416 et

19 4449 56 4514 iu
88 4470 126 4514 re
155 4448 245 4516 nulla
276 4447 351 4514 illos
373 4448 524 4515 descrere
545 4449 668 4537 relint3
690 4450 749 4518 ubi
770 4472 848 4519 mox
868 4471 1020 4540 proceres
1043 4461 1076 4518 et
1105 4454 1230 4541 equites
1262 4453 1324 4520 ab·

19 4548 139 4638 legatis
162 4553 332 4619 civitatum
355 4550 600 4639 demandarunt,
623 4562 660 4620 ut
680 4556 752 4622 sine
773 4576 865 4623 mora
885 4556 1012 4644 Pragae
1045 4558 1242 4623 conveniant
1288 4566 1326 4623 et:
1400 4637 1402 4641 f

19 4676 96 4723 cum
132 4655 353 4745 Pragonsibus
386 4657 602 4725 amicabiliter
636 4668 745 4747 agant,
777 4668 815 4726 ut
847 4661 1010 4728 voluntati
1030 4662 1143 4750 regias
1166 4660 1319 4728 satisfieri

21 4759 138 4850 possit.
150 4760 278 4830 Sirerc
300 4762 551 4851 aPragensibus
569 4762 608 4833 id
628 4763 756 4837 lactum
775 4758 981 4856 sonasse,
996 4776 1041 4839 ut
1055 4764 1346 4833 amanteum
