2948 5040
140 164 203 239 166

134 361 245 428 pecus,
268 356 368 425 pecus
390 334 549 420 mutilum,
582 334 728 404 belluina
748 334 875 401 ratione
896 334 1079 422 praeditum
1101 343 1135 405 et
1154 337 1317 419 fulcitum!
1342 340 1435 423 Quae

133 442 188 508 hic
209 440 251 507 de
272 440 351 528 fuga
366 439 453 505 dicta
475 447 559 524 sunt,
581 439 678 507 etiam
698 438 846 525 intellige
867 437 910 505 de
931 439 965 506 vi
987 450 1019 507 et
1039 442 1195 511 violentia
1214 445 1357 535 injusta3
1380 450 1436 537 qui

134 569 213 614 vero
235 567 256 610 a
277 548 311 612 vi
328 547 419 634 justa
438 545 534 632 fugit,
555 544 670 613 nolens
693 543 816 628 audire,
839 543 893 610 hic
915 544 979 611 alia
1001 569 1054 612 res
1077 556 1127 614 est
1148 548 1234 638 (sic).
1255 551 1324 618 Hic
1347 554 1435 619 enim

134 675 169 721 se
182 653 254 740 quis
267 660 453 739 suspectum
473 650 635 733 redderet,
658 651 687 715 si
699 649 819 717 abinde
839 648 976 735 fugeret,
1000 653 1084 719 sicut
1105 642 1227 731 factum
1247 655 1309 720 fuit
1331 678 1355 723 a
1377 656 1435 723 do·

134 761 222 825 mino
246 756 311 845 Opl
333 755 529 822 Ficzthumb
552 756 670 844 equite,
693 755 748 843 qui
771 762 860 821 certe
893 764 925 821 et
945 755 1160 842 probabiliter
1178 767 1353 849 suspectus
1377 761 1435 829 fuit

135 862 176 927 de
197 860 279 929 falsa
313 870 453 945 moneta,
477 883 520 926 ex
541 859 752 937 Bobemia,-a
787 857 891 941 bonis,
914 881 1016 926 uxore
1040 869 1072 926 et
1093 861 1206 929 liberis
1227 863 1323 949 fugit,
1349 865 1434 952 quod

65 964 73 981 '
134 965 288 1033 delictum
324 966 427 1052 ipsius
463 963 603 1051 capitale
624 962 694 1046 fuit,
734 962 820 1049 quod
852 962 1010 1029 attinebat
1031 965 1102 1052 ejus
1135 965 1304 1051 honorem,
1346 967 1433 1035 bona

32 1128 34 1135 .
134 1079 166 1137 et
187 1071 298 1148 vitam,
322 1078 355 1135 et
376 1091 450 1135 cum
472 1068 575 1135 libere
597 1068 795 1134 auditionem
811 1068 897 1156 juris
918 1068 1038 1155 fugerit
1060 1076 1092 1134 et
1125 1081 1294 1159 suspectus
1334 1083 1433 1139 antea

134 1173 240 1257 fuerit,
263 1175 328 1239 imo
352 1174 432 1238 socii
455 1171 586 1260 quidam
609 1174 680 1261 ejus
702 1176 736 1238 in
757 1182 880 1241 tortura
901 1173 980 1239 fassi
1015 1174 1144 1258 fuerint,
1168 1185 1200 1241 et
1236 1186 1311 1244 acta
1345 1178 1431 1244 illius

139 1287 172 1344 et
193 1280 366 1345 commissa
388 1277 659 1363 confirmaverint,
693 1287 761 1345 tum
783 1300 843 1344 rex
866 1281 975 1346 omnia
1007 1281 1154 1368 ejusdem
1189 1280 1277 1347 bona
1312 1279 1432 1349 auferri

135 1384 246 1472 jussit.
290 1382 399 1470 Atque
421 1380 503 1448 adeo
526 1382 652 1447 Passek
674 1384 708 1448 in
730 1383 782 1449 his
793 1382 1051 1450 dissensionibus
1065 1385 1174 1451 dicere
1189 1385 1334 1453 solebat:
1348 1390 1428 1457 ‚lura

133 1489 203 1575 jam
225 1484 350 1552 viribus
374 1509 495 1570 carere,
520 1510 625 1575 neque
643 1489 791 1576 justitiae
813 1488 952 1576 amplius
974 1488 1080 1555 locum
1104 1512 1185 1574 esse,
1209 1491 1267 1557 sed
1295 1493 1431 1580 rabiem,

133 1593 286 1674 furorem,
319 1592 493 1657 violentias
515 1592 683 1676 humanas,
705 1593 841 1659 insidias
864 1594 1030 1662 hominum
1057 1598 1288 1676 innocentium,
1313 1608 1348 1665 et
1369 1601 1430 1667 alia
1457 1679 1460 1685 ff

132 1696 220 1762 mala
242 1705 355 1762 contra
384 1698 492 1763 Deum
524 1705 557 1762 et
579 1720 691 1763 sanam
720 1699 878 1763 rationem
900 1698 1070 1784 dominari,
1095 1711 1127 1767 et
1149 1703 1221 1790 quis
1243 1703 1333 1781 mala
1355 1705 1429 1770 talia

132 1803 167 1867 in
189 1823 341 1867 seruere
364 1803 458 1868 sinet.
491 1801 585 1868 Haec
607 1803 694 1868 enim
716 1810 790 1869 acta
812 1812 897 1887 sunt,
919 1805 1005 1892 quod
1027 1805 1160 1893 plurimi
1181 1806 1260 1872 boni
1282 1816 1317 1873 et
1333 1810 1429 1893 quieti

133 1906 221 1971 cives
243 1906 357 1972 timere
379 1906 551 1973 debuerint
573 1916 606 1973 et
626 1904 804 1991 attendere,
828 1907 957 1993 quando
984 1910 1279 1996 incarcerabantur,
1302 1920 1429 2002 torque·

134 2013 252 2079 bantur
275 2022 308 2080 et
329 2014 370 2080 de
392 2016 522 2083 civitate
543 2015 714 2104 pellentur.
744 2015 854 2102 Atque
875 2015 971 2082 valde
986 2024 1100 2083 notum
1114 2016 1195 2082 mihi
1210 2025 1269 2101 est,
1293 2018 1428 2105 quodsi

136 2119 183 2183 ita
205 2117 325 2184 diutius
348 2119 505 2203 durasset,
542 2119 701 2208 plurimos
722 2127 853 2207 paratos
874 2119 985 2204 fuisse,
1019 2121 1128 2188 omnia
1150 2144 1209 2190 sua
1229 2121 1426 2191 divendendi

138 2223 254 2290 etalio
279 2245 314 2289 se
338 2222 535 2291 conferendi.

675 2376 822 2501 carun
845 2435 895 2500 sc.

135 2634 197 2697 Ubi
237 2630 425 2707 describitur,
465 2633 544 2708 quod
581 2631 702 2708 quidam
737 2631 817 2692 cives
839 2631 879 2691 ad
900 2637 1037 2692 senatum
1074 2650 1107 2693 se
1129 2630 1235 2692 sistere
1265 2631 1428 2708 debuerint,

133 2730 167 2783 ut
201 2720 398 2782 obedientiam
431 2727 460 2779 et
483 2720 693 2799 obligationem
725 2738 815 2779 mann
839 2718 985 2796 stipulata
1013 2714 1178 2801 praestent,
1218 2725 1247 2778 et
1280 2721 1425 2794 quomodo

135 2808 252 2870 Passek
284 2808 350 2868 illos
385 2806 530 2868 allocutus
559 2806 658 2889 fuerit,
687 2815 720 2866 ut
741 2806 828 2867 bonis
861 2805 926 2866 suis
959 2807 1145 2885 provideant.
1190 2804 1329 2866 Tandem
1355 2807 1427 2884 quod

441 2893 600 2973 proscripti
619 2894 806 2954 innocentiae
828 2911 897 2954 suas
932 2893 1126 2955 defenderint.
1142 2908 1146 2915 ·

220 3066 273 3131 De
303 3065 361 3133 tali
398 3065 617 3153 suprascripta
638 3063 835 3151 relegatione
866 3065 926 3131 sub
963 3058 1083 3154 injusta
1116 3069 1148 3128 et
1179 3061 1306 3129 occulta
1328 3059 1430 3151 culpa,

132 3171 210 3239 utile
246 3171 328 3237 mihi
363 3169 544 3253 videbatur,
580 3179 616 3234 ut
638 3168 693 3235 hic
714 3192 813 3236 unum
836 3170 1022 3258 exemplum
1059 3190 1221 3258 apponam
1242 3167 1302 3258 pro
1325 3169 1429 3238 future

134 3277 300 3360 memoria,
323 3283 359 3341 ut
379 3274 564 3341 hominibus
585 3275 776 3357 innotescat,
798 3284 831 3341 et
861 3275 956 3361 hujus
989 3274 1136 3341 notitiam
1165 3273 1325 3343 babentes
1348 3274 1429 3361 *lau-

39 3423 42 3428 ·
132 3386 212 3452 dent
232 3394 287 3451 aut
308 3385 503 3470 vituperent,
526 3382 612 3472 quod
633 3383 754 3450 factum
776 3385 837 3451 fuit
858 3384 912 3451 die
933 3383 1087 3449 Mercurii
1107 3381 1141 3446 in
1164 3379 1279 3467 vigilia
1301 3379 1334 3448 S.
1350 3379 1428 3446 Lau·

136 3492 234 3559 rentii
256 3512 343 3556 anno
368 3489 462 3554 1525.
506 3488 595 3554 Dum
616 3491 652 3554 in
675 3490 798 3556 curiam
820 3489 863 3555 ad
883 3491 1066 3577 Prageuses
1087 3488 1179 3553 citati
1194 3479 1430 3553 fuissentcives

109 3591 275 3678 insimul,
315 3603 393 3661 tunc
431 3602 555 3682 septem
578 3617 620 3661 cx
648 3595 715 3662 illis
739 3593 868 3662 civibus
889 3595 932 3661 ad
955 3602 1102 3660 senatum
1115 3650 1119 3655 .
1134 3593 1350 3676 intraverunt,
1372 3588 1428 3658 sub

135 3700 305 3767 consulatu
340 3699 479 3766 Joannis
502 3699 671 3785 Piclrhart,
704 3700 852 3768 volentes
880 3722 979 3769 manu
1012 3699 1166 3788 stipulata
1200 3696 1429 3784 obligationem

135 3805 292 3871 exhibere
321 3806 419 3894 juxta
441 3807 681 3872 communitatis
719 3828 924 3893 consensum,
947 3807 1031 3872 sicut
1052 3825 1163 3872 omnes
1185 3801 1229 3867 ad
1260 3802 1297 3868 id
1319 3802 1429 3868 selecti

136 3910 225 3977 cives
262 3932 360 3996 agere
394 3909 584 3994 debuerunt,
619 3910 747 3999 quando
771 3911 813 3977 de
834 3933 920 3977 novo
948 3914 983 3976 in
1007 3911 1096 3976 cives
1119 3908 1261 3998 suscepti
1291 3908 1428 3973 bierunt.

135 4013 306 4080 Allocutus
328 4014 401 4081 illos
423 4015 489 4081 fuit·
504 4017 660 4102 magister
679 4014 803 4081 Pnssek
824 4016 956 4081 nomine
977 4016 1120 4081 omnium
1140 4013 1263 4081 ibidem
1297 4032 1429 4099 congre·

135 4127 293 4206 gaiorum,
315 4121 350 4184 in
371 4122 557 4207 praesentia
578 4123 659 4187 certi
681 4123 807 4188 numeri
834 4123 1072 4191 communitatis
1105 4121 1287 4203 seniorum,
1320 4117 1429 4185 verbis

134 4225 170 4289 in
192 4222 254 4288 hoc
277 4216 395 4308 sensu,
409 4227 496 4313 quod
518 4226 650 4315 quidam
672 4227 880 4293 inveniantur
893 4229 978 4292 inter
991 4225 1073 4310 illos,
1087 4227 1144 4312 qui
1166 4224 1268 4290 secuti
1300 4223 1430 4290 fuerunt

135 4326 338 4394 sacerdotum
370 4352 457 4396 nova
485 4330 638 4416 dogmata
671 4330 809 4415 illorum,
842 4332 898 4418 qui
919 4331 1025 4418 Praga
1055 4332 1237 4414 exiverunt,
1259 4329 1427 4418 promissis

134 4433 202 4500 suis
236 4434 515 4519 contrafacientes,
550 4458 632 4523 quae
654 4438 893 4524 praestiterunt,
917 4436 994 4502 dum
1030 4460 1089 4526 pro
1113 4435 1240 4503 civibus
1271 4433 1426 4522 assumpti

134 4548 217 4624 sunt,
240 4542 473 4628 promittentes,
510 4541 596 4628 quod
632 4540 692 4607 bos
725 4540 909 4608 sacerdotes
939 4541 1090 4608 deserere
1125 4541 1238 4609 velint.
1287 4539 1425 4621 Quidam

135 4652 244 4711 tamen
267 4667 322 4711 eos
345 4645 433 4734 apud
455 4667 491 4712 se
527 4646 723 4732 detinebant,
746 4649 936 4736 praesertim
958 4647 1152 4716 monachum
1185 4646 1276 4714 illum
1300 4643 1359 4731 [de
1381 4664 1425 4709 sa·

128 4749 266 4818 cordate
284 4748 450 4818 Micbaele
472 4750 658 4841 supradicto
687 4752 770 4820 haec
790 4751 945 4841 dicebat),
979 4774 1076 4842 quem
1103 4753 1257 4846 princeps
1286 4757 1320 4820 et
1340 4747 1426 4839 prior
