2948 5040
89 337 179 426 legis
200 336 361 416 divinae,
398 361 482 427 quae
504 340 690 428 conscripta
722 342 756 406 In
790 339 851 406 bac
872 340 993 407 scheda
1025 361 1120 407 amo
1153 340 1249 409 vobis
1270 340 1389 411 ordin

91 452 181 525 sunt,
202 444 250 507 ita
272 441 364 522 dixi;
388 445 418 508 si
442 443 522 531 quid
543 443 660 509 melius
682 454 813 533 praeter
833 444 895 510 hoc
918 447 1084 535 scriptum,
1106 456 1139 511 et
1152 448 1386 535 professionem

89 544 170 611 fidei
201 544 287 633 legis
318 546 456 613 divinae
490 546 673 614 exhibitum
704 548 812 631 fuerit,
844 571 962 638 nempe
994 558 1147 617 notanter
1170 562 1301 640 praeter
1320 552 1385 619 hoc

85 653 246 739 scriptum
268 666 301 718 et
320 652 560 741 professionem
581 652 661 717 fidei
682 652 767 739 legis
788 650 931 735 divinae,
964 674 1039 717 cum
1060 651 1129 739 legi
1150 652 1282 721 divinae
1303 678 1382 721 rere

84 752 230 837 credam,
252 754 340 843 quod
360 755 504 821 libenter
528 756 630 821 velim
652 756 773 841 corrigi
806 764 839 820 et
859 755 1037 821 emendari.
1070 754 1154 821 Item
1176 781 1220 823 ex
1233 758 1297 824 hac
1317 758 1383 825 lide

82 857 129 923 ad
151 861 377 946 quaestionem
398 859 441 924 de
464 861 695 938 sacramentis,
729 858 892 947 quomodo
915 859 1063 943 credam,
1100 861 1270 927 confessus
1299 886 1382 945 sum,

83 960 172 1027 sicut
207 961 359 1028 Christus
391 965 542 1046 instituit,
579 966 746 1051 accipiens
782 985 910 1051 panem,
945 974 1146 1029 contestatus
1179 976 1229 1029 est
1263 989 1381 1057 corpus

84 1088 192 1151 suum,
215 1078 249 1132 et
270 1068 446 1133 infundens
467 1070 581 1133 vinum
613 1069 648 1131 in
683 1066 836 1144 calicem,
873 1076 1072 1132 contestatus
1104 1068 1167 1133 fuit
1187 1071 1379 1155 sauguinem

84 1192 196 1251 suum,
230 1186 263 1235 et
282 1170 346 1236 hoc
367 1170 501 1259 quidem
522 1193 582 1258 pro
605 1170 706 1257 digna
728 1172 913 1259 sumptione
934 1169 996 1235 sub
1024 1180 1162 1257 utraque
1183 1174 1312 1261 specie,
1345 1174 1381 1239 in

85 1276 428 1340 commemorationem
449 1274 633 1339 innocentis
661 1276 776 1339 morfia
806 1284 840 1338 et
860 1273 1093 1339 beneficiorum
1116 1296 1254 1341 suorum.
1297 1276 1381 1343 Item

83 1377 208 1465 petivi,
244 1389 280 1443 ut
299 1376 356 1443 ille
379 1377 535 1443 articulus
568 1401 612 1443 ex
633 1379 773 1442 comitiis
794 1376 999 1465 perlegatur,
1032 1399 1150 1466 nempe
1172 1378 1245 1462 bic,
1279 1381 1378 1447 sacri-

83 1482 198 1547 licium
219 1482 351 1567 missae,
374 1504 449 1547 cum
470 1481 553 1547 nihil
574 1481 665 1547 aliud
687 1482 748 1559 sit,
777 1482 843 1545 nisi
864 1478 966 1567 digna
988 1482 1134 1568 corporis
1156 1493 1189 1547 et
1211 1484 1379 1569 sanguinis

85 1584 213 1652 Christi
233 1586 369 1652 Domini
392 1587 533 1675 sumptio
554 1587 598 1652 ad
620 1584 862 1651 certificandum
884 1584 984 1650 fidem
1005 1596 1167 1670 nostram,
1199 1588 1288 1652 etin
1309 1610 1379 1655 ms-

82 1692 224 1756 moriam
244 1693 425 1777 passionis,
457 1702 490 1756 et
511 1692 655 1756 omnium
677 1687 910 1755 beneficiorum
932 1689 1021 1777 ejus,
1052 1691 1098 1755 ita
1114 1693 1214 1777 juxta
1235 1713 1379 1776 sensum,

84 1804 119 1858 et
139 1796 377 1861 institutionem
399 1794 521 1861 Christi
542 1796 677 1861 Domini
700 1793 861 1859 celebrari
882 1792 989 1858 debet
1043 1794 1127 1859 Item
1149 1796 1305 1860 articulus
1327 1819 1377 1862 se·

83 1898 213 1965 oundus
234 1900 338 1966 lectus
369 1900 447 1977 fnit,
479 1901 536 1987 qui
567 1899 614 1964 its
637 1910 747 1962 sonat:
785 1895 882 1977 Quod
916 1896 1155 1984 expositionem
1185 1900 1380 1967 sacramenti

82 2005 231 2091 corporis
253 2003 377 2069 Christi
397 2003 534 2070 Domini
556 2002 734 2083 concernit,
766 1999 953 2088 ubicunque
985 2000 1139 2066 sacerdos
1161 1994 1217 2066 aut
1238 2004 1378 2091 populus

80 2110 331 2189 consueverint,
364 2118 422 2174 aut
442 2128 658 2174 consuescere
678 2104 860 2187 voluerint,
893 2115 1017 2171 utnon
1040 2116 1240 2192 exponatur,
1272 2107 1321 2173 ibi
1342 2117 1379 2172 ut

81 2235 149 2279 non
171 2223 429 2279 contemnantur.
480 2211 629 2278 Tandem
650 2208 753 2299 petivi
782 2220 816 2276 et
836 2212 944 2278 adhuc
976 2220 1067 2298 peto,
1102 2219 1135 2274 et
1166 2226 1278 2297 petere
1311 2231 1379 2275 non

81 2314 198 2381 desino
219 2315 394 2399 humiliter,
416 2328 452 2380 nt
473 2338 575 2404 penes
597 2316 680 2381 baec
702 2319 823 2399 omnia,
847 2326 879 2381 et
900 2337 1003 2403 penes
1024 2313 1124 2379 fidem
1138 2313 1223 2398 legis
1245 2313 1377 2379 divinae

80 2442 275 2505 conserver3
304 2419 388 2485 nihil
409 2421 496 2485 enim
518 2420 636 2503 habeo,
658 2419 745 2509 quod
766 2419 984 2509 respondeam
1005 2430 1119 2484 contra
1150 2420 1376 2506 processiones

80 2538 116 2589 ot
136 2526 356 2590 institutiones
378 2524 560 2608 bominum,
597 2547 672 2589 cum
705 2525 748 2590 de
769 2524 832 2591 hoc
864 2526 1024 2591 rationem
1058 2546 1167 2591 coram
1189 2523 1263 2588 Deo
1296 2522 1376 2587 dare

79 2648 149 2693 non
169 2638 293 2711 tenear,
326 2628 385 2694 sed
405 2638 540 2716 propter
559 2627 659 2692 fidem
680 2627 765 2714 legis
786 2628 920 2695 divinae
942 2628 1040 2694 debet
1061 2628 1199 2718 quilibet
1229 2638 1375 2693 nostrum

80 2742 115 2797 et
136 2740 267 2796 wnetur
287 2733 446 2798 rationem
480 2731 619 2797 reddere
641 2753 752 2797 coram
773 2732 858 2797 Deo
911 2732 991 2799 Ideo
1020 2732 1100 2821 quid
1121 2732 1164 2799 ad
1186 2755 1239 2797 me
1261 2736 1375 2799 inven-

79 2836 188 2901 tiones
210 2833 387 2920 bominum,
410 2858 485 2900 cum
507 2839 572 2902 sint
592 2846 722 2924 praeter
744 2846 777 2901 et
796 2836 882 2902 ultra
915 2858 1049 2902 sensum
1082 2847 1116 2902 et
1137 2838 1376 2903 institutionem

80 2937 209 3005 Christi
228 2939 375 3007 Domini.
418 2938 504 3005 Tum
532 2941 676 3006 decanus
704 2940 863 3007 allocutus
891 2950 942 3005 est
970 2963 1062 3006 eum:
1094 2940 1278 3026 hlalinsky,
1310 2963 1377 3007 non

79 3042 245 3131 loquimur
264 3043 307 3109 de
327 3046 537 3132 processione
544 3095 554 3130 ,
588 3046 676 3132 quod
690 3046 778 3110 euim
801 3058 851 3110 est
883 3056 917 3111 et
937 3049 1089 3134 provenit
1110 3044 1153 3109 de
1175 3042 1373 3125 bominibus,

83 3150 185 3213 etiam
206 3170 281 3213 cum
302 3149 489 3215 homiuibus
512 3150 673 3234 transibit,
697 3151 756 3216 sed
777 3151 950 3240 loquimur,
973 3148 1062 3237 quod
1082 3148 1215 3213 flectere
1230 3146 1373 3212 nolueris

80 3275 192 3320 coram
215 3264 418 3319 sacramento
439 3258 585 3342 corporis
608 3255 741 3322 Christi.
784 3256 838 3322 Ad
859 3256 922 3322 boc
942 3253 1129 3342 respondit:
1157 3252 1289 3318 domine
1318 3250 1373 3317 de·

80 3379 179 3439 caue,
213 3380 287 3423 cum
318 3361 366 3423 its
396 3358 584 3447 loquimini,
606 3361 785 3450 loquamini
806 3384 850 3426 ex
871 3361 1093 3427 fundamento.
1134 3356 1171 3422 Si
1204 3355 1371 3444 processio

80 3484 148 3528 non
171 3471 268 3545 esset,
290 3485 357 3527 non
378 3463 462 3530 foret
484 3466 582 3530 etiam
604 3467 776 3548 tumultus,
810 3476 844 3531 et
865 3465 1049 3532 discordiae
1070 3465 1106 3528 iu
1139 3461 1370 3527 communitate

80 3589 145 3633 nec
169 3567 266 3633 etiam
289 3568 554 3655 genuflexiones;
586 3569 694 3635 adbuc
715 3571 796 3637 baec
819 3570 927 3653 addo,
960 3578 993 3634 et
1021 3567 1114 3633 dico:
1150 3567 1178 3630 si
1200 3586 1319 3651 corpus
1341 3576 1377 3629 et

81 3674 216 3759 sanguis
239 3674 374 3739 Domini
406 3676 509 3739 nostri
530 3674 613 3740 Jesu
634 3674 757 3741 Christi
786 3677 822 3741 in
859 3676 922 3742 hoc
944 3675 1069 3741 honore
1099 3682 1132 3736 et
1163 3670 1374 3737 veneratione

81 3790 346 3859 conservaretur,
376 3778 412 3842 in
433 3800 497 3864 quo
519 3800 540 3843 a
562 3777 693 3844 Christo
714 3779 857 3845 Domino
889 3781 1070 3845 institutum
1113 3794 1146 3844 et
1168 3777 1291 3843 editum
1313 3786 1374 3857 est,

79 3894 159 3945 tunc
180 3880 382 3966 genuflexio,
415 3883 482 3946 imo
503 3904 616 3947 omnes
639 3880 861 3948 ordinationes
890 3882 933 3947 de
959 3882 1023 3948 boc
1044 3896 1260 3967 sacramento,
1296 3905 1373 3973 quo·

79 3968 179 4049 modo
200 3983 254 4049 hic
275 3986 327 4066 sit,
352 3984 406 4049 vel
428 4007 494 4050 non
517 3987 569 4067 sit,
592 3998 790 4069 corruerent,
812 3998 847 4052 et
866 3990 913 4052 ita
931 3999 1020 4055 esset
1031 4010 1099 4077 pax
1116 3991 1202 4054 inter
1214 3989 1374 4055 homiues.

80 4086 241 4167 Quamvis
262 4110 328 4154 non
350 4089 469 4172 dicam,
501 4089 579 4156 dum
600 4092 637 4155 in
658 4091 720 4157 hoc
743 4114 841 4156 sensu
863 4114 883 4156 a
906 4091 1037 4159 Christo
1058 4094 1201 4160 Domino
1224 4095 1373 4159 instituto

77 4201 307 4274 conservatur,
341 4202 378 4257 ut
404 4195 440 4258 in
470 4195 655 4283 sumptione
677 4217 786 4282 genua
814 4219 881 4262 non
902 4196 1093 4282 flectantur,
1125 4198 1162 4263 id
1185 4208 1299 4264 contra
1320 4220 1373 4264 ms

77 4320 148 4363 non
169 4305 236 4380 est,
269 4310 303 4362 et
324 4297 440 4381 credo,
463 4301 551 4388 quod
571 4302 665 4367 multi
686 4304 721 4366 iu
743 4301 805 4367 bac
826 4305 1057 4369 communitate
1079 4304 1227 4369 homines
1248 4327 1303 4369 me
1325 4305 1372 4369 vi·

78 4401 198 4484 derint,
220 4401 299 4467 dum
320 4403 424 4489 petivi
444 4404 541 4469 simul
562 4427 637 4470 cum
660 4407 747 4488 aliis,
781 4417 814 4471 et
843 4407 932 4473 volui
964 4422 1202 4474 sacramentum
1226 4410 1373 4495 corporis

80 4516 113 4570 et
135 4507 304 4592 sanguinis
325 4504 460 4571 Domini
481 4509 585 4572 nostri
605 4508 687 4574 Jesu
708 4508 829 4575 Christi
852 4534 990 4595 sumere,
1023 4513 1111 4600 quod
1132 4536 1198 4578 non
1221 4513 1371 4593 sederim,

78 4632 143 4675 nec
165 4610 320 4692 steterim,
342 4608 384 4674 de
407 4632 471 4698 quo
492 4611 661 4702 hucusque
682 4636 748 4678 nou
770 4614 876 4699 doleo,
898 4639 961 4681 nec
983 4617 1069 4704 quod
1092 4617 1231 4699 doleam,
1255 4616 1371 4697 haheo,

80 4725 115 4782 et
135 4715 272 4779 intentio
294 4736 368 4780 mea
388 4732 536 4799 nonest,
569 4718 664 4797 ultra,
699 4729 733 4783 et
763 4741 784 4784 a
817 4720 893 4811 lege
912 4721 984 4788 Dei
1001 4721 1083 4788 nolo
1116 4720 1247 4807 egredi.
1290 4720 1394 4781 'ium
