2948 5040
1303 128 1367 199 247

66 306 208 370 nimium
227 306 296 392 jam
319 304 428 370 animo
450 302 545 386 elato,
567 309 724 391 utsupra
746 300 869 369 dictum
896 300 967 382 fuit,
999 301 1157 377 miserunt
1179 300 1293 368 eodem
1312 300 1368 368 die

69 409 115 474 de
138 406 245 474 medio
267 428 326 473 suo
348 428 504 493 magnum
525 428 696 472 numerum
718 407 839 474 civium
861 428 936 473 cum
959 403 1100 492 superbo
1122 405 1245 488 nuntio,
1269 406 1366 474 minis

66 520 103 578 et
135 510 217 577 falso
246 532 394 576 sermone
415 510 566 576 immixto
597 510 753 594 dicentes,
776 509 864 598 quod
899 509 1112 576 communitas
1134 508 1261 595 integra
1282 509 1369 577 hanc

64 616 222 683 unionem
244 636 376 682 servare
397 613 486 697 velit,
508 612 565 683 ubi
586 621 696 680 tamen
718 613 797 680 dnm
818 615 853 680 in
874 613 969 681 Nova
990 613 1121 680 civitate
1139 612 1362 699 juramentum

64 722 217 809 personis
250 719 363 785 electis
397 718 540 785 delatum
572 718 643 803 fuit,
676 726 742 784 tam
764 741 843 806 prae
866 717 985 806 gaudio
1006 738 1125 804 magno
1148 718 1362 784 communitas

66 832 137 892 tota
165 824 214 889 Te
246 824 354 889 Deum
387 823 556 888 laudamus
579 832 640 888 etc.
664 823 831 890 decanmri
864 832 1069 905 curaverunt,
1093 843 1229 909 quornm
1250 820 1361 909 plures

66 951 167 1017 quam
186 930 249 995 tria
269 928 374 995 millia
393 927 531 1012 fuerant,
554 928 732 995 secundum
753 928 1013 995 informationem
1034 934 1212 1012 acceptam,
1223 925 1363 1014 ideoque

63 1035 131 1100 boc
150 1034 297 1099 nuntium
341 1054 407 1098 non
443 1032 660 1099 concordabat
692 1056 766 1100 cum
789 1054 910 1121 opere.
952 1033 997 1098 Et
1027 1029 1069 1097 ab
1091 1028 1149 1095 illa
1170 1028 1225 1094 die
1258 1029 1360 1097 multo

67 1137 175 1226 major
201 1158 278 1224 pars
299 1136 466 1203 hominum
487 1158 553 1202 non
575 1143 700 1202 tantum
722 1137 758 1201 in
778 1135 882 1221 Nova,
904 1157 1018 1223 verum
1041 1134 1138 1200 etiam
1160 1131 1196 1197 in
1217 1132 1363 1223 Antiqua

64 1241 148 1307 urbe
176 1239 217 1305 de
249 1262 345 1322 novo,
370 1261 444 1306 cum
465 1238 581 1305 solatio
603 1240 720 1326 grandi
749 1239 890 1328 pedibus
920 1239 1037 1306 erectis
1058 1238 1261 1313 incesserunt
1273 1247 1318 1315 ,et
1338 1261 1359 1305 a

65 1343 221 1433 maribus
243 1342 383 1411 vinculis
397 1366 432 1410 se
444 1343 631 1428 liberarunt,
654 1344 824 1412 laudantes
845 1345 964 1430 Deum,
980 1340 1067 1434 quod
1088 1341 1219 1409 tandem
1240 1343 1360 1408 iterum

67 1451 117 1516 eis
148 1449 238 1536 prior
268 1447 404 1514 libertas
436 1450 585 1515 restituta
612 1449 718 1532 fuerit,
748 1457 785 1514 ut
823 1447 909 1513 inter
931 1469 967 1513 se
985 1449 1088 1536 ipsos
1111 1454 1144 1512 et
1165 1445 1261 1529 simul
1282 1467 1357 1513 cum

72 1554 157 1620 caris
191 1553 257 1618 suis
288 1553 401 1618 amicis
438 1553 579 1640 colloqui
606 1554 742 1641 possint,
774 1550 1025 1642 praecedentem
1062 1552 1211 1617 timorem
1245 1550 1287 1617 de
1322 1571 1358 1616 se

67 1666 270 1747 reponentes.
313 1656 436 1723 Ultimo
472 1656 604 1723 tandem
641 1656 912 1743 Neo-Pragenses
933 1656 1126 1743 inceperunt
1153 1663 1284 1722 cantum
1306 1679 1354 1723 se·

66 1770 219 1852 quantem
249 1762 445 1828 decantare:
467 1761 569 1827 Laeta
591 1761 662 1827 dies
683 1760 779 1828 nobis
803 1768 917 1827 exorta
939 1768 998 1844 est,
1022 1781 1086 1847 qua
1107 1759 1283 1848 imperator
1295 1759 1357 1828 Oa·

63 1867 155 1934 rolue
175 1866 218 1932 dc
238 1867 373 1932 mortuis
395 1866 575 1932 resurrexit
597 1874 668 1950 etc,
682 1865 859 1954 etquidem
879 1865 987 1931 adbuc
1008 1867 1043 1929 in
1069 1868 1355 1955 praesentiaregis

64 1994 125 2062 pro
156 1970 302 2060 ejusdem
325 1971 449 2038 solatio.
494 1970 567 2054 Qua
589 1971 630 2039 de
663 1993 762 2038 causa
782 1977 915 2059 propter
936 1970 1144 2036 evitationem
1166 1969 1266 2037 futuri
1287 1995 1356 2038 rna·

56 2077 141 2166 joris
173 2074 252 2141 mali
284 2097 345 2142 rex
364 2097 432 2142 non
465 2075 636 2142 attendens
665 2075 735 2159 bas,
769 2074 999 2142 multominus
1028 2074 1110 2140 alias
1144 2073 1355 2142 notabiliores

64 2181 172 2244 minas
204 2200 279 2245 cum
315 2179 484 2265 sanguinis
507 2179 666 2245 effusione
698 2202 719 2244 a
741 2176 1042 2267 quodam-notabili
1075 2186 1219 2266 martyre
1242 2201 1355 2246 eorum

63 2283 109 2350 ad
127 2306 239 2371 regem
270 2282 406 2369 delatas,
429 2285 584 2350 unionem
605 2292 715 2350 tamen
736 2283 821 2349 hanc
842 2281 910 2349 illis
943 2281 1066 2353 ademit
1088 2290 1122 2349 et
1141 2283 1274 2372 propria
1296 2305 1355 2350 sua

66 2388 181 2455 virtute
214 2409 252 2454 ac
283 2390 430 2477 potentia
460 2389 496 2453 in
517 2386 654 2453 nihilum
691 2388 861 2468 convertit,
898 2409 958 2474 pro
991 2386 1107 2454 futuris
1139 2386 1353 2478 temporibus.

64 2490 231 2558 Dracones
264 2513 345 2579 ergo
375 2491 424 2557 illi
445 2490 546 2559 fortes
568 2499 601 2557 et
630 2514 714 2558 unus
737 2492 778 2558 de
800 2491 865 2557 illis
887 2491 1063 2559 fortisimns
1092 2515 1168 2559 cum
1201 2491 1354 2583 superbia

62 2618 123 2662 sua
144 2598 274 2664 contriti
297 2596 435 2682 sumunt,
459 2605 492 2663 et
513 2618 580 2663 non
601 2619 712 2681 unum,
735 2596 794 2663 sed
815 2597 939 2686 aliquot
959 2597 1087 2665 illorum
1108 2598 1241 2679 foedera
1262 2599 1354 2665 anni·

61 2698 167 2767 bilata
188 2709 272 2784 sunt,
295 2703 488 2789 praesertim
509 2702 601 2780 illud,
624 2702 712 2789 quod
733 2702 801 2769 fere
823 2701 1012 2769 desummo
1034 2702 1138 2790 gradu
1160 2725 1260 2771 saxeo
1281 2705 1354 2770 uni-

59 2812 130 2871 tum
150 2803 217 2871 illis
237 2805 308 2871 fuit.
350 2805 404 2871 Ex
426 2828 490 2894 quo
511 2807 584 2873 Deo
607 2804 725 2873 dentur
760 2807 885 2892 laudes,
907 2809 965 2894 qui
986 2807 1145 2874 mirabilis
1167 2817 1218 2875 est
1227 2810 1262 2874 in
1276 2831 1351 2896 ope-

56 2906 149 2977 ribus
169 2910 247 2994 suis,
269 2919 302 2977 et
323 2919 467 3000 tempore
499 2934 557 2977 suo
579 2913 752 2997 tristitiam,
777 2910 842 2978 alio
864 2934 942 2978 vero
967 2922 1111 3001 tempore
1134 2913 1292 2980 laetitiam
1312 2913 1348 2979 in

56 3034 134 3081 snos
155 3012 275 3081 clectos
296 3016 448 3082 immittit.

551 3276 555 3281 ¹
591 3178 742 3257 carus
764 3193 816 3260 24.

35 3352 114 3433 fl.
128 3366 190 3455 'q'uo
209 3364 367 3441 insinatnr,
400 3368 481 3444 qnod
508 3369 644 3429 homines
673 3368 717 3447 pii
747 3379 778 3430 et
793 3372 869 3448 justi
902 3370 1000 3444 quiete
1032 3370 1078 3430 uti
1109 3369 1254 3446 volentes,
1276 3371 1351 3431 bene

40 3440 180 3521 ⁸*
198 3452 369 3515 debuerint.
402 3455 480 3514 Item
493 3457 573 3529 qnod
593 3458 721 3531 Posset,
744 3456 830 3537 Zy'ka
851 3470 881 3518 et
903 3458 1027 3519 Karban
1049 3465 1172 3536 egentes
1194 3455 1264 3517 lacti
1285 3457 1347 3517 fue·

29 3558 57 3617 ιι
118 3608 119 3612 ,
153 3540 221 3617 ‚abi
250 3547 351 3601 tamen
379 3543 422 3619 pii
454 3551 483 3601 et
506 3542 583 3619 justi
603 3552 725 3623 propter
759 3548 830 3615 illos
851 3540 948 3622 capite
979 3545 1081 3604 levare
1102 3544 1167 3603 ansi
1187 3563 1246 3604 non
1269 3557 1346 3607 sunt.

10 3636 57 3718 ‘''J
115 3667 116 3672 ι
238 3634 299 3687 sur
325 3648 482 3707 personae,
504 3647 581 3704 quae
601 3628 633 3691 in
662 3632 709 3690 his
731 3632 864 3693 dissidiis
887 3633 924 3691 de
944 3640 1049 3691 senatu
1071 3648 1223 3706 nunquam
1246 3633 1346 3691 deces-

214 3741 248 3790 1:
265 3732 326 3775 -em
346 3735 419 3777 vero
441 3735 480 3774 ex
502 3719 642 3779 mandato
663 3719 749 3796 regio
772 3715 911 3798 depositi,
933 3721 972 3778 ad
992 3718 1074 3779 nulla
1095 3718 1224 3779 consilia
1245 3719 1346 3779 vocati

223 3800 391 3885 ’ξιιθῐιιιιϊο
435 3801 517 3878 Quos
539 3804 648 3866 iterum
670 3825 724 3865 rex
753 3806 948 3869 mansnetioni
969 3806 1062 3866 tradit
1083 3814 1139 3870 etc.

271 3986 300 4010 ιι·-
314 3986 329 4010 ιι
359 3952 544 4021 libertatem
565 3959 654 4025 cives
675 3961 858 4048 Pragenses
882 3957 1040 4048 (scilicet)
1064 3955 1125 4023 sub
1148 3955 1213 4022 illis
1236 3955 1345 4022 dbec·

239 4031 272 4148 da
302 4108 303 4112 ι
335 4059 457 4135 unione
479 4060 663 4130 babuerunt
685 4092 704 4131 a
726 4073 862 4154 quatuor
884 4064 978 4128 annis
1001 4061 1153 4129 continuo
1176 4062 1346 4151 sequenti·

325 4186 411 4254 supe
431 4174 588 4254 tempore,
604 4192 668 4258 quo
679 4171 738 4238 illa
748 4170 865 4239 seditio
876 4170 962 4235 inter
972 4165 1047 4232 illos
1058 4162 1187 4233 initium
1200 4167 1345 4253 sumpsit

336 4268 476 4358 'unque
496 4270 600 4340 voluit
615 4277 672 4364 jus
695 4298 789 4342 suum
810 4275 968 4356 obtinere,
980 4270 1036 4337 vel
1053 4270 1196 4359 aliquam
1206 4272 1346 4360 gratiam

368 4374 404 4441 'el
433 4374 619 4466 ubicunque
646 4378 736 4464 alibi,
765 4377 808 4444 ad
836 4377 919 4444 illud
949 4378 1121 4466 pervenire
1142 4399 1209 4443 non
1229 4373 1344 4464 potuit,

360 4484 457 4553 merit
476 4506 536 4571 per
557 4484 719 4552 notabiles
740 4482 917 4550 solutiones
934 4484 1115 4572 jussuum,
1148 4477 1342 4570 praeprimis

363 4584 426 4655 boc
447 4588 544 4673 modo
564 4588 648 4657 haec
669 4588 830 4655 dissensio
853 4595 966 4673 contra
987 4586 1182 4654 Pickhartas
1203 4582 1269 4649 illis
1291 4579 1343 4646 di·

344 4712 381 4761 nc
400 4692 634 4785 applicabatur.
678 4694 763 4763 Nam
784 4694 1056 4783 aquinquaginla
1076 4691 1172 4762 ΜΒ
1192 4684 1343 4757 wdffiffl
