2948 5040
114 151 183 229 m
234 210 240 219 x

110 320 253 395 badam
275 332 309 390 et
334 319 532 396 desiderium
560 324 683 394 altioris
706 332 817 411 sams,
843 326 952 394 statuit
967 325 1053 416 apud
1075 345 1111 392 se
1132 332 1254 416 petere,
1276 330 1315 391 ut
1333 340 1410 410 reg-

112 451 191 496 num
224 437 327 512 totum
360 434 485 499 ratione
517 431 605 497 illius
627 432 670 501 ad
692 453 811 520 papam
833 433 963 518 scribat,
985 428 1225 498 intercedentes
1246 449 1308 516 pro
1343 427 1413 517 illo,

112 542 149 602 ut
172 533 340 599 eundem
359 535 526 603 confirmet
562 534 604 601 ad
638 534 961 624 archiepiscopatum,
992 538 1089 626 juxta
1124 536 1315 603 electionem
1352 553 1414 622 pro

110 636 183 726 ipso
211 637 340 723 factam,
376 639 432 706 ubi
455 640 497 707 ab
529 640 679 707 omnibus
701 642 888 708 aestimatus
911 654 943 707 et
964 644 1056 728 quasi
1091 664 1151 730 pro
1173 640 1246 705 Deo
1280 635 1414 703 habitus

112 741 182 808 fuit.
226 742 363 811 Factum
395 746 505 834 itaque
527 755 586 830 est,
609 745 697 832 quod
727 747 825 834 juxta
860 756 971 813 votum
993 750 1063 834 ejus
1096 744 1156 812 sub
1178 743 1286 831 sigillo
1317 740 1415 827 regni

113 848 323 936 scripserint3
358 849 436 917 dum
461 859 578 935 ‚antem
600 873 706 939 neque
741 859 818 918 tunc
850 851 973 938 aliquid
1006 852 1198 933 effecissent,
1233 849 1319 929 viam
1351 844 1415 911 sibi

42 1003 45 1007 -
114 953 291 1040 exquisivit
317 955 425 1041 aliam,
447 957 642 1044 scripsitque
662 958 697 1022 in
720 956 892 1023 Graeciam
914 955 1236 1042 Constantinopolim,
1269 952 1326 1018 ubi
1358 947 1414 1014 illo

113 1063 258 1144 tempore
294 1058 512 1126 christianitas
548 1052 655 1128 adhuc
686 1061 832 1145 florebat,
869 1063 1056 1150 vituperans
1088 1059 1275 1148 pontificem
1313 1074 1413 1143 quan-

115 1168 188 1259 tum·
205 1163 320 1251 potuit,
342 1162 435 1229 illum
456 1165 688 1233 antechristum
717 1166 895 1255 appellans,
931 1175 963 1232 et
984 1165 1083 1232 falsos
1106 1186 1163 1230 son
1180 1160 1414 1253 pseudo-pro·

113 1262 234 1355 phetas*
251 1277 284 1333 et
305 1267 464 1352 lurcones,
487 1279 523 1336 ut
544 1271 722 1336 secundum
743 1271 854 1355 illum,
877 1293 993 1359 nempe
1022 1271 1201 1336 Romanum
1226 1267 1415 1357 pontificem

115 1391 151 1437 se
172 1391 237 1437 non
260 1369 411 1458 dirigant,
433 1395 540 1462 neque
561 1375 649 1442 illius
672 1374 862 1462 dignitatem
895 1375 1033 1463 amplius
1067 1375 1244 1441 aestiment.
1294 1373 1415 1445 Graeci

112 1478 224 1546 literas
246 1479 305 1544 has
327 1477 509 1544 obtinentes
530 1479 676 1567 pontifici
697 1481 961 1564 transmiserunt,
996 1477 1143 1566 pontifex
1178 1477 1250 1543 illas
1283 1479 1319 1542 in
1353 1462 1416 1544 Bo·

114 1580 256 1649 hemiam
276 1583 374 1665 misit,
398 1584 490 1671 quasi
511 1583 604 1649 illum
625 1583 712 1672 apud
734 1592 837 1653 toturn
858 1606 996 1670 regnum
1018 1590 1200 1666 accusaret,
1233 1592 1269 1647 ut
1305 1583 1415 1647 omni-

114 1687 176 1755 bus
196 1689 402 1754 innotescant
422 1688 509 1755 illius
532 1688 655 1755 literae.
1392 1762 1398 1770 ‚

200 1792 254 1858 De
284 1792 342 1859 illo
374 1793 572 1882 Rokyczano
593 1795 759 1861 invenitur
780 1796 878 1860 etiarn
902 1795 1056 1881 seriptum
1078 1794 1113 1857 in
1137 1792 1291 1857 chronica
1307 1789 1416 1856 Bohe

116 1897 201 1964 miae
222 1896 264 1979 ab
286 1897 401 1966 Aenea
422 1898 535 1988 Sylvio
559 1899 740 1987 compilata,
762 1902 808 1966 ita
830 1899 871 1965 de
893 1900 994 1966 verbo
1016 1899 1058 1965 ad
1080 1896 1225 1980 verbum,
1258 1918 1334 1984 cap.
1358 1895 1416 1961 52:

116 2001 313 2091 Rolsyoaano
348 2004 522 2091 Pragensis
544 2004 702 2072 ecclesiae
725 2007 930 2094 episcopatus
952 2003 1130 2092 promissus
1152 2001 1243 2067 fuit.
1269 2049 1277 2065 .
1301 2047 1310 2064 .
1335 2047 1344 2064 .
1376 2000 1418 2064 Et

115 2108 248 2174 tandem
268 2107 354 2175 infra
375 2109 422 2174 its
444 2111 600 2196 scriptum
623 2119 690 2175 est:
713 2110 803 2175 Dum
824 2110 886 2176 hae
910 2132 962 2175 res
984 2110 1030 2173 ita
1040 2105 1254 2172 concordatae
1266 2103 1417 2186 fuissent,

114 2213 333 2301 Rckyczanus
367 2237 440 2281 curn
479 2224 616 2308 quatuor
654 2214 876 2282 sacerdotibus
913 2215 1043 2279 nomine
1067 2212 1165 2276 totius
1201 2209 1292 2291 cleri,
1316 2219 1351 2272 et
1372 2207 1420 2273 illi

115 2317 370 2404 adhaerentium,
394 2319 472 2387 dum
497 2342 609 2387 caesar
632 2319 860 2407 Sigismundns
883 2321 915 2384 in
941 2319 1017 2384 sede
1048 2315 1257 2403 imperatoria
1289 2314 1325 2377 in
1351 2312 1419 2379 foro

63 2495 66 2499 ,
114 2423 255 2490 civitatis
275 2407 387 2491 lisano
421 2427 593 2493 constituta
614 2428 649 2491 in
670 2427 854 2514 praesentia
875 2425 1012 2506 Alberti,
1047 2431 1080 2486 et
1114 2441 1222 2486 coram
1254 2418 1416 2503 magnati·

113 2527 176 2596 bus
214 2537 247 2594 et
276 2529 456 2597 oratoribus
491 2531 773 2597 circumstantibus
808 2529 1025 2596 obedientiam
1063 2526 1228 2593 Romanae
1260 2522 1416 2589 ecclesiae

113 2633 263 2721 promisit
285 2681 293 2698 .
316 2684 325 2700 .
348 2685 354 2700 .
379 2688 385 2702 .
409 2633 547 2715 Quando
581 2657 659 2702 vero
693 2637 728 2701 in
749 2636 812 2701 hoc
834 2635 993 2722 promisso
1015 2629 1203 2718 imperatori
1223 2626 1310 2692 facto
1332 2632 1418 2714 'per-

115 2740 323 2821 severaverit,
345 2742 536 2826 praesertim
559 2751 704 2829 ternpore
725 2741 812 2827 regis
835 2738 981 2804 Ladislai
999 2736 1157 2825 jumenia,
1181 2732 1243 2797 hoc
1265 2731 1420 2801 historiae

114 2838 247 2908 Aeneae
269 2842 509 2921 demonstrant3
527 2845 613 2932 quod
636 2845 678 2910 ad
701 2854 909 2932 conspectum
932 2843 1001 2928 ejus
1023 2841 1135 2905 venire
1148 2857 1421 2924 nunquamausus

113 2945 219 3012 luerit.
242 2946 356 3035 Itaque
392 2949 565 3015 hincinde
588 2973 623 3015 se
652 2961 783 3015 vertens
816 2949 957 3036 quietem
985 2945 1106 3011 habere
1142 2964 1206 3006 non
1239 2941 1346 3027 potuit
1381 2938 1420 3005 cb

114 3053 437 3141 archiepiscopatum,
461 3077 526 3121 non
548 3066 584 3119 ut
619 3054 709 3120 illum
732 3068 866 3141 quaerat
888 3051 929 3116 ad
951 3051 1104 3115 honorem
1129 3054 1161 3113 et
1181 3045 1311 3113 laudem
1346 3045 1421 3125 Dei,

118 3159 177 3226 sed
197 3167 234 3225 ut
255 3159 403 3224 homines
425 3160 507 3245 pios,
532 3180 622 3246 quos,
657 3152 795 3240 ut'dixi,
819 3181 890 3223 oum
914 3175 1074 3221 consensu
1096 3153 1183 3237 regis
1206 3151 1343 3235 Georgii
1377 3149 1422 3215 ai·

116 3263 219 3352 fligat,
253 3276 286 3330 et
320 3265 379 3332 sub
402 3266 533 3332 nomine
555 3263 802 3329 Piokhartarum
826 3285 844 3328 e
867 3272 953 3328 terra
976 3256 1127 3346 expellat,
1162 3265 1198 3319 nt
1220 3252 1361 3319 eundern
1388 3253 1422 3317 in

120 3362 294 3437 desideriis
317 3374 383 3439 suis
406 3395 472 3438 non
494 3370 684 3460 impediant.
730 3368 814 3434 Illud
838 3364 1128 3456 probant'ipsimet
1149 3370 1239 3425 actus
1262 3355 1422 3449 ejusdem>

118 3497 199 3565 quos
223 3478 377 3544 exercuit.
421 3477 504 3543 Nam
527 3477 605 3542 dum
628 3475 821 3542 scriberetur
845 3493 948 3537 annus
974 3469 1056 3534 1443
1080 3475 1112 3531 et
1150 3464 1243 3544 1444,
1274 3471 1421 3550 tempore

117 3582 194 3647 novi
216 3582 304 3665 anni,
327 3583 459 3662 comitia
479 3583 626 3646 instituta
647 3580 777 3644 fuerunt
799 3574 1043 3659 Kuttenbergae
1066 3593 1123 3657 pro
1156 3567 1304 3635 omnibus
1328 3566 1420 3650 stati·

116 3683 189 3770 bus,
225 3687 383 3752 saeculari
414 3695 446 3751 et
480 3686 632 3769 clericali,
665 3684 722 3750 ubi
760 3683 982 3748 contentiones
1014 3677 1144 3741 fuerunt
1183 3681 1270 3738 ortae
1293 3669 1420 3736 ratione

116 3788 194 3855 fidei
216 3791 300 3855 inter
322 3789 556 3877 Rokyczanum
580 3800 612 3856 et
635 3790 756 3856 clerum
781 3786 927 3874 ejusdem
950 3805 992 3848 ex
1014 3803 1098 3860 una,
1122 3788 1154 3844 et
1185 3779 1270 3842 inter
1295 3776 1420 3842 clerum

117 3892 351 3963 Taboriensem
374 3905 465 3983 parte
489 3918 531 3960 cx
552 3895 663 3976 altera,
694 3896 728 3958 in
752 3892 868 3981 quibus
896 3889 1111 3974 Rohycnanus
1145 3879 1420 3962 contentionibus,

118 4001 275 4068 violentia
296 4003 400 4086 magis
422 4022 510 4083 usus,
535 4023 630 4088 quam
648 4000 790 4087 justitia,
815 3993 967 4060 articulos
992 4012 1064 4056 cum
1088 3987 1176 4053 clero
1198 3985 1424 4065 suonoonfecit

119 4105 161 4171 de
183 4106 414 4189 sacramentis,
451 4104 612 4193 quomodo
634 4105 704 4188 geri
727 4103 875 4183 debeant,
911 4108 942 4162 et
976 4096 1030 4182 qui
1053 4093 1094 4157 de
1115 4091 1180 4157 illis
1205 4089 1422 4178 judicandum

119 4210 170 4292 sit,
194 4231 276 4296 quae
313 4210 347 4272 in
371 4231 441 4296 cap.
481 4209 522 4274 10
558 4208 654 4297 hujus
686 4208 761 4273 libri
784 4206 891 4271 omnia
929 4197 1153 4288 supraposita
1184 4202 1266 4259 sunt.
1325 4193 1421 4276 Quae

118 4314 320 4380 comitiorum
355 4313 507 4379 conclusa
536 4312 615 4379 alibi
636 4314 853 4378 inveniuntur.
898 4304 1045 4371 Tandem
1067 4308 1141 4390 post
1170 4300 1279 4363 omnia
1313 4299 1422 4366 Bohe·

119 4420 165 4485 mi
188 4428 221 4485 et
242 4418 369 4485 Morari
402 4429 548 4507 tempore
571 4419 659 4504 regis
682 4416 816 4501 Georgii
848 4411 976 4477 titulum
998 4409 1062 4496 ipsi
1086 4406 1312 4487 attribuerunt,
1345 4427 1420 4471 eum

119 4545 191 4589 esse
227 4522 366 4589 electum
388 4523 678 4611 archiepiscopum,
702 4522 789 4586 etin
827 4518 887 4583 hac
910 4516 1068 4581 electione
1101 4512 1281 4598 permansit
1315 4531 1419 4598 usque

118 4627 161 4696 ad
183 4639 330 4695 mortem.
