2948 5040
1282 162 1356 235 nv
1461 110 1465 123 ¹

56 350 157 419 malis
173 347 241 417 vivi
252 346 387 434 sanguis
401 344 444 419 sit
453 364 564 432 purus,
574 344 724 427 animalis
736 364 816 411 vero
828 341 946 408 mortui
960 342 1114 433 impurus.
1122 337 1266 424 Reposui
1274 358 1354 424 ego:

57 457 196 545 sanguis
209 462 241 519 et
256 474 351 519 eruor
363 458 438 516 sunt
453 448 551 514 idem.
574 447 838 538 Respondit'ille:
854 470 919 513 non
938 453 1013 510 sunt
1022 443 1120 527 idem,
1137 441 1302 530 adducens
1314 441 1356 507 ad

57 561 93 627 id
105 568 343 647 argumentum,
360 553 446 642 quod
458 554 589 647 sanguis
604 553 754 618 animalis
765 553 832 618 vivi
844 553 887 616 sit
896 549 1069 639 perfectior
1080 556 1113 613 et
1123 547 1242 630 durior,
1259 568 1356 634 quam
1381 597 1384 603 -

58 662 194 750 sanguis
211 660 360 726 animalis
371 660 499 740 mortui,
514 658 572 722 hic
581 659 665 745 enim
675 659 747 745 jam
760 657 852 744 quasi
863 655 906 720 ud
917 654 1119 741 putredinem
1130 660 1204 740 post
1219 659 1355 717 mortem

57 767 211 835 animalis
235 766 352 850 vergit.
373 837 377 845 ,
401 761 523 830 Contra
541 762 627 826 haec
643 762 766 826 iterum
788 760 966 848 replicavi:
990 766 1098 822 tamen
1121 777 1232 821 omnes
1254 757 1354 845 scrip·

58 880 152 953 turae
189 857 303 935 sacrae
339 867 509 932 nominant
546 865 633 930 clare
656 887 773 952 corpus
797 874 829 929 et
864 864 1064 955 sanguinem,
1085 882 1180 946 ¹ergo
1202 882 1267 925 non
1292 861 1353 924 erit

57 998 165 1058 cruor,
204 974 288 1039 siout
320 980 355 1037 tu
388 971 479 1052 dicis,
502 992 620 1058 nempe
643 971 774 1055 sanguis
796 971 942 1057 impurus
975 962 1169 1057 aut'sanies,
1201 965 1258 1031 aed
1281 986 1354 1033 san·

58 1081 134 1168 guis
157 1085 269 1166 purus,
292 1085 400 1141 textus
423 1076 510 1139 enim
532 1075 594 1140 hoc
620 1073 814 1140 vocabulum·
836 1074 967 1159 sanguis
989 1073 1023 1136 in
1045 1093 1081 1136 se
1102 1071 1253 1137 continet.
1288 1071 1354 1137 Di-

57 1186 109 1250 xit
130 1181 197 1267 ille,
227 1203 299 1253 rem
321 1181 367 1244 ita
390 1201 471 1260 esse,
506 1178 563 1243 sed
586 1178 723 1243 dicimus
757 1201 799 1243 ex
814 1162 816 1167 ¹
833 1166 1034 1269 authoritate,
1071 1175 1156 1261 quod
1191 1175 1353 1262 corruptio

57 1288 156 1354 unius
179 1287 222 1350 sit
244 1286 410 1371 generatio
433 1283 575 1366 alterius,
600 1284 724 1348 scilicet
759 1283 981 1370 corruptionis,
1017 1283 1100 1347 sicut
1132 1279 1208 1357 dum
1235 1272 1354 1369 'corpus

58 1390 212 1459 animalis
246 1411 306 1476 per
340 1396 476 1454 mortem
499 1389 723 1474 corrumpitur,
761 1387 847 1476 quod
884 1389 992 1452 statim
1030 1389 1138 1453 omnia
1160 1374 1233 1467 alia,
1257 1388 1353 1450 etiam

58 1496 195 1583 sanguis
233 1493 274 1559 ab
312 1515 350 1558 eo
380 1498 617 1580 corrumpatur.¹
661 1491 714 1557 Ad
736 1493 816 1567 haec
839 1492 927 1575 dixi,
954 1482 1040 1580 quod
1062 1515 1124 1558 nec
1147 1492 1276 1579 logica,
1291 1511 1361 1571 nec·

59 1596 191 1687 integra
208 1596 418 1684 Philosophia
440 1619 606 1662 accessum
628 1596 747 1662 habeat
768 1596 810 1661 ad
833 1599 1025 1683 scripturam
1048 1621 1183 1674 sacram,
1200 1580 1238 1661 et
1254 1594 1353 1686 'Apo-

59 1705 227 1788 stolicam3
253 1703 411 1791 sapientia
433 1704 520 1767 enim
542 1701 637 1790 hujus
659 1702 772 1766 mundi
793 1725 884 1767 mera
906 1703 1041 1768 stultitia
1063 1705 1105 1767 sit
1133 1702 1219 1790 apud
1233 1703 1352 1783 Deum,
1438 1729 1441 1736 *

61 1809 242 1895 secundum
266 1807 485 1888 testimonium
509 1807 542 1872 S·
565 1804 659 1870 Pauli
681 1802 846 1893 Apostoli,
865 1817 897 1885 et
918 1807 1000 1871 haec
1033 1817 1143 1874 vestra
1171 1808 1351 1875 authoritas

59 1908 256 2009 agentibus
279 1922 330 1978 est
352 1913 536 1998 excogitata
572 1908 732 1976 derebus
755 1932 872 2001 nempe
894 1894 1076 1990 mundanis,
1097 1913 1258 2001 itaquede
1270 1936 1352 2001 pura

56 2022 254 2103 mortalitate
275 2021 452 2103 hominum,
475 2028 507 2085 et
528 2019 665 2085 aliorum
702 2018 900 2101 animalium,
939 2018 1078 2106 ideoque
1111 2018 1289 2083 authoritas
1311 2017 1353 2082 ad

59 2136 192 2194 sensum
213 2124 297 2211 legis
320 2124 425 2190 divini
442 2147 477 2189 se
499 2146 565 2189 non
589 2123 775 2192 concordat.
808 2122 989 2210 Respondit
1010 2123 1076 2206 ille,
1099 2144 1168 2187 rem
1201 2122 1247 2185 ita
1269 2142 1350 2186 esse.

58 2233 167 2320 Atque
189 2230 268 2296 dum
291 2252 350 2296 sua
373 2229 533 2317 sapientia
555 2229 708 2295 confusus
721 2227 791 2312 fuit,
804 2227 987 2295 abinvicem
1004 2226 1229 2309 discessimus3
1243 2224 1352 2312 itaque

62 2356 253 2422 responsum
275 2333 411 2419 nulum„
424 2332 571 2401 debitum
593 2333 636 2419 ad
658 2335 883 2425 quaestionem
905 2353 1011 2399 meam
1041 2330 1188 2399 obtinere
1209 2330 1308 2424 potui.

607 2472 840 2611 curura*
918 2516 930 2617 J

56 2729 95 2785 In
118 2745 179 2802 quo
202 2723 339 2797 refertur,
363 2731 506 2800 quantum
529 2724 648 2802 gravati
671 2723 783 2783 luerint
806 2724 926 2784 Moravi
949 2733 977 2783 et
1000 2725 1125 2785 Bohemi
1148 2745 1166 2784 a
1189 2734 1275 2804 parte
1296 2727 1352 2786 sub

55 2812 183 2889 utraque
213 2813 312 2888 specie
336 2812 599 2885 communicantes,
629 2813 681 2888 qui
704 2820 800 2871 tamen
824 2812 856 2870 in
892 2813 1022 2872 comitiis
1056 2814 1095 2871 ad
1116 2814 1255 2874 articulos
1276 2814 1353 2877 inira

54 2901 173 2978 positos
197 2908 395 2973 accesserunt,
419 2907 448 2956 et
484 2898 572 2957 simul
595 2919 661 2958 cum
683 2898 823 2958 Bohemis
856 2899 961 2959 foedus
984 2901 1135 2976 inierunt,
1159 2910 1188 2960 et
1218 2905 1261 2962 ita
1291 2923 1352 2980 pax
1416 2918 1418 2923 '

57 2996 86 3046 et
119 2987 323 3065 tranquillitas
353 2982 511 3065 procurata
532 2986 598 3045 fuit.
640 2987 737 3060 Item;
768 2987 838 3064 quid
863 2988 926 3047 sint
949 2995 1142 3066 comportata,
1175 2997 1208 3049 ut
1228 3010 1264 3050 ea
1285 2991 1351 3067 quis

547 3073 714 3150 intelligere
746 3074 864 3152 possit?
1356 3073 1362 3086 ’

142 3173 208 3238 Pro
242 3172 368 3238 meliori
400 3173 507 3238 futura
541 3174 698 3238 memoria
730 3175 951 3247 necessarium
989 3175 1069 3240 mihi
1107 3176 1288 3260 videbatur,
1315 3185 1351 3243 ut

56 3278 218 3370 quosdam
240 3279 392 3345 articulos
416 3303 458 3344 ex
480 3277 700 3367 compactatis,
724 3302 806 3366 quae
830 3281 1015 3368 conscripta
1051 3281 1173 3347 hahent
1208 3282 1346 3349 Bohemi

56 3409 132 3452 cum
152 3386 297 3481 Moravis
317 3387 353 3449 in
374 3407 572 3472 pergameno
595 3407 668 3449 cum
691 3385 809 3471 sigillis
831 3385 1011 3472 legatorum
1020 3386 1185 3476 papalium
1198 3386 1342 3477 penden-

56 3492 155 3575 tib'us,
199 3499 369 3578 excerptos
393 3492 446 3556 hic
484 3513 653 3579 apponam,
677 3491 763 3555 etin
785 3492 932 3555 notitiam
954 3492 1138 3557 hominibus
1177 3478 1365 3571 deducam,-

57 3618 100 3663 ex
128 3618 237 3676 causa,
263 3597 338 3682 quia
352 3594 729 3684 multi'praecedentinm
753 3604 786 3661 et
808 3598 904 3673 etiarn
926 3598 1154 3675 modernorum
1187 3596 1346 3664 Bohemo·

54 3725 128 3768 rum
151 3703 368 3785 nesciverunt,
391 3710 423 3766 et
445 3702 611 3790 hucusque
632 3704 790 3785 nesciunt,
813 3703 892 3789 quid
913 3704 977 3767 sint
1000 3712 1212 3791 compactata.
1242 3703 1347 3790 Igitur

55 3808 114 3874 illa
150 3829 322 3897 apponam,
344 3814 465 3871 utnon
502 3815 625 3871 tanturn
661 3806 834 3889 modernis,
859 3807 916 3873 sed
939 3816 971 3872 et
992 3808 1107 3874 futuris
1130 3808 1215 3874 oculi
1231 3809 1348 3874 mentis
1380 3887 1383 3895 Ι

56 3913 119 3976 hac
141 3912 256 3977 notitia
277 3913 463 3998 aperiantur
485 3919 517 3975 et
538 3910 595 3976 illa
615 3912 776 3999 inspicere
798 3913 933 3999 possint,
958 3911 1084 3999 qualem
1107 3913 1258 4001 ‚fructum
1291 3913 1346 3979 ad'·

55 4016 173 4094 ferant,
196 4026 229 4080 et
250 4039 292 4080 an
316 4017 437 4081 assumi
461 4015 610 4098 debeant,
632 4039 694 4080 nec
716 4038 767 4098 ne,
804 4024 836 4079 et
857 4039 898 4080 au
922 4017 1074 4082 damnum
1108 4028 1253 4105 vergant.
1274 4041 1348 4084 rno-

56 4121 169 4186 dernis
190 4120 288 4207 plane
309 4119 518 4207 temporibus,
534 4121 687 4186 Bohemis
712 4129 745 4186 et
760 4121 912 4204 Moravis,
935 4122 1074 4209 aliisque
1096 4123 1235 4211 addictis
1257 4125 1348 4190 veri·
1372 4142 1375 4147 ·

10 4288 14 4297 .
55 4229 115 4293 tati
130 4227 213 4311 legis
230 4223 361 4325 Christi.
385 4226 446 4290 His
469 4227 554 4291 enim
578 4225 787 4312 temporibus,
811 4226 888 4290 dum
904 4228 1022 4295 veritas
1046 4229 1156 4296 divina
1179 4240 1212 4296 et
1236 4253 1348 4318 sump·
1377 4220 1379 4227 ¹

55 4333 101 4398 tio
135 4333 337 4398 Sacramenti
371 4331 431 4396 snb
465 4340 601 4419 utraque
624 4333 733 4420 specie
754 4332 849 4397 brevi
871 4343 945 4420 post
966 4338 1155 4421 magistrum
1185 4337 1346 4403 «loannem

55 4438 148 4504 Huss
170 4438 206 4503 in
228 4437 386 4501 Bohemia
409 4446 441 4500 et
461 4437 607 4538 Moravia
628 4437 813 4524 incepisset,
836 4447 906 4504 tum
928 4439 1076 4524 daemon,
1100 4443 1156 4530 qui
1179 4462 1348 4530 sempera

56 4542 218 4630 principio
240 4550 333 4627 pater
355 4540 595 4607 mendaciorum
630 4550 661 4606 et
684 4542 924 4618 dissensionum
945 4546 1016 4630 fuit,
1038 4546 1176 4629 induxit,
1200 4555 1234 4612 et
1266 4568 1340 4611 con·

58 4646 171 4713 citavit
194 4648 319 4712 vicinas
342 4655 459 4732 gentes
481 4655 592 4711 contra
614 4647 754 4731 eosdem,
777 4672 816 4714 ac
838 4661 950 4719 contra
972 4651 1056 4719 hanc
1077 4653 1257 4733 veritatem,
1270 4672 1367 4726 caup

47 4750 138 4819 'sans
159 4751 300 4840 grandia
317 4751 403 4819 bella
439 4760 472 4816 et
500 4754 667 4838 sanguinis
697 4753 932 4842 profusionem·
953 4756 1106 4842 multam,
1122 4763 1228 4842 prout
1250 4753 1367 4845 hanua
