2948 5040
137 144 202 220 ste
245 204 250 213 ,

134 340 247 389 omma
279 271 499 387 dissensiones
531 324 588 385 aut
618 320 838 386 munecatone
865 320 920 387 vel
948 320 1042 409 justo
1071 318 1200 409 judicio
1218 320 1322 389 finem
1354 320 1430 387 otti-

133 426 272 510 nuorint,
295 434 329 493 et
348 425 383 490 in
403 423 455 491 his
475 444 535 490 vos
556 422 740 490 omnimode
762 425 870 512 quiete
891 426 1023 513 geretis.
1044 424 1189 516 Ideoque
1198 424 1295 495 vobis
1322 426 1433 493 amicto

133 531 338 615 mandamus,
360 538 394 596 et
413 529 461 595 ita
481 527 604 595 habere
624 527 784 614 volumus,
805 538 842 597 ut
861 539 1000 620 utraque
1021 552 1098 619 pars
1121 533 1220 621 juxta
1239 530 1305 598 hoc
1343 528 1433 597 Nos-

133 645 220 703 trum
248 633 438 701 mandatum
466 630 510 698 ad
537 632 680 699 invicem
701 654 761 699 vos
790 634 912 721 geratis
944 643 981 701 ut
1010 633 1115 720 decet,
1137 635 1234 703 aliter
1255 656 1326 703 nou
1346 635 1430 703 faci·

134 750 237 824 entes,
273 739 334 806 sub
367 738 545 805 evitatione
566 736 813 823 ‚indignationis
847 746 881 806 et
908 738 1085 829 disgrat’ae
1114 740 1264 809 Nosces.
1308 741 1432 809 Datum

132 845 247 915 Budas
267 865 355 911 anno
377 850 410 910 et
431 841 498 927 die,
520 849 676 929 utsupra
697 840 862 910 scribitur.

1105 948 1295 1017 Ludovioua
1319 970 1394 1017 rex.

169 1108 172 1115 ,
218 1051 377 1134 Quamvis
387 1071 466 1117 vero
478 1057 609 1115 senatus
618 1049 803 1135 Pragenses
816 1049 917 1119 inhia
926 1051 1130 1121 voluntatem·
1139 1054 1266 1142 regiam
1276 1052 1434 1142 adimple·

132 1156 249 1241 verint,
282 1155 370 1243 quod
379 1154 636 1221 convocaverint
653 1154 916 1223 communitatem
949 1157 1004 1224 die
1022 1159 1201 1225 Dominica
1220 1166 1299 1247 post
1320 1156 1431 1226 Sancti

132 1260 320 1341 wenceslai
326 1259 469 1350 (LOct)
481 1260 567 1328 diem
589 1258 632 1325 ad
650 1258 822 1346 collegium
836 1281 1001 1350 magum,
1011 1262 1123 1331 literas
1134 1272 1243 1331 tamen
1255 1263 1372 1351 regias
1388 1284 1434 1329 se·

133 1365 275 1433 cundum
290 1365 479 1432 mandatum
501 1365 588 1452 regis
611 1365 834 1433 communitati
854 1366 898 1433 ad
918 1367 1154 1456 perlegendum
1173 1390 1236 1435 oca
1251 1367 1430 1435 communi·

133 1479 300 1556 caverunt,
316 1470 374 1537 scd
392 1469 452 1536 sub
468 1469 607 1559 quodam
615 1472 690 1539 velo
703 1471 769 1538 illis
783 1470 883 1540 locuti
894 1482 980 1558 sunt,
999 1473 1213 1541 obooccantes
1229 1472 1308 1540 illos
1319 1472 1431 1563 primic

132 1578 235 1643 literis
257 1573 367 1663 regiis,
388 1576 424 1642 in
445 1575 563 1663 quibus
585 1578 632 1642 eis
654 1599 715 1644 rex
736 1578 901 1646 licentiam
935 1577 1073 1644 contulit
1107 1576 1151 1643 ad
1184 1598 1299 1643 corum
1320 1576 1434 1644 fabam

132 1681 241 1749 datam
252 1680 409 1763 notitam,
419 1679 567 1755 nolentes
590 1680 697 1748 locum
732 1682 812 1748 dare
847 1682 972 1748 ultimis
993 1682 1096 1748 literis
1118 1682 1229 1768 regiis,
1256 1682 1356 1770 quasi
1376 1702 1433 1748 rex

133 1786 186 1853 hia
196 1787 232 1855 iu
242 1784 340 1853 rebus
349 1791 543 1872 potestatem
553 1808 619 1853 non
631 1785 776 1871 haberet,
789 1807 873 1875 quae
885 1788 932 1852 eis
944 1787 1036 1875 prius
1047 1787 1269 1874 transscripsit
1282 1784 1433 1874 (credens

134 1890 310 1959 eorundem
327 1889 430 1957 falsae
447 1889 677 1976 informationi,
689 1901 722 1958 et
740 1891 914 1957 admittens
934 1893 981 1958 eis
997 1893 1104 1958 omnia
1115 1891 1180 1969 illa,
1196 1913 1280 1979 quae
1292 1892 1346 1959 illi
1356 1894 1434 1960 noti·

131 1994 324 2082 ficaverunt)
335 1993 537 2078 immutandi,
554 2003 586 2059 et
599 1995 761 2061 contraria
772 1994 925 2061 mandata
937 1993 1048 2061 dandi.
1061 1995 1132 2063 Imo
1145 1996 1433 2081 magister-Posset

132 2099 215 2167 haec
226 2098 293 2167 illis
303 2099 478 2188 proposuit,
494 2098 581 2186 quod
603 2098 682 2165 dum
702 2108 777 2188 post
787 2102 962 2188 praeterita
977 2100 1061 2166 festa
1075 2099 1339 2167 Paschaliacum
1351 2102 1432 2189 prin·

135 2205 208 2293 cipe
242 2214 276 2270 et
303 2203 377 2271 aliis
410 2203 571 2290 ablegatis
603 2202 719 2270 Budae
741 2204 775 2268 in
799 2202 1007 2293 expeditione
1031 2205 1155 2288 fuisset,
1178 2205 1266 2293 quod
1297 2206 1433 2274 eundem

132 2332 193 2377 rex
224 2331 296 2375 cum
331 2308 398 2374 suis
432 2307 591 2374 consociis
624 2309 671 2373 ita
703 2309 862 2374 allocutus
891 2308 998 2392 fuerit,
1021 2317 1057 2374 ut
1083 2308 1326 2376 sesecundum
1356 2309 1431 2377 alias

133 2413 255 2496 literas,
294 2412 537 2500 qualescunque
573 2411 639 2478 illis
679 2411 856 2496 tradantur,
901 2411 1046 2499 exceptis
1078 2414 1192 2500 primis
1224 2412 1334 2481 literis
1374 2436 1433 2497 nou

133 2516 285 2605 dirigant,
324 2515 386 2583 hoc
418 2537 496 2583 vero
518 2517 657 2604 probare
679 2539 745 2583 non
766 2518 877 2606 potuit.
921 2516 1026 2583 Simul
1055 2516 1285 2604 relegationis
1302 2497 1428 2587 manda

119 2629 202 2687 tum
237 2621 364 2707 regium
400 2628 513 2687 contra
546 2620 764 2689 incarceratos
799 2622 834 2686 in
876 2620 1034 2687 auxilium
1070 2622 1216 2708 sumpsit,
1239 2629 1273 2687 et
1308 2623 1358 2689 ita
1386 2622 1431 2689 his

133 2724 377 2808 confirmabant,
401 2724 487 2813 quod
508 2724 612 2792 verba
643 2727 732 2814 regis
754 2724 903 2793 rovocari
924 2746 990 2792 non
1003 2725 1153 2809 debeant,
1173 2725 1267 2813 quasi
1294 2727 1333 2791 in
1346 2728 1429 2793 simi·

133 2829 219 2897 libus
242 2829 409 2896 dominum
432 2852 526 2897 suum
549 2833 713 2919 corrigere
736 2830 868 2914 vellent,
892 2851 973 2917 quas
995 2838 1103 2897 tammr
1126 2829 1238 2895 literas
1259 2853 1326 2897 rex
1355 2854 1431 2899 nuu-

132 2938 230 3021 quam
240 2958 300 3023 pro
321 2935 523 3023 relegatione
540 2936 662 3024 juditio
685 2935 899 3003 determinata
920 2935 1113 3018 aestimavit,
1147 2957 1209 3001 nec
1242 2936 1431 3018 nominavit,

133 3038 192 3105 sed
202 3040 306 3107 solum
317 3040 505 3108 mandatum
527 3064 625 3130 super
639 3039 757 3109 falsam
778 3039 1038 3107 informationem
1060 3041 1162 3129 partis
1184 3040 1294 3105 unius.
1317 3040 1383 3109 His
1403 3047 1432 3107 et

132 3142 205 3209 aliis
216 3143 393 3213 mendaciis
408 3153 539 3225 senatus
551 3145 674 3212 velavit
686 3143 808 3211 malum
830 3166 924 3209 suum
946 3145 1106 3210 intentum
1118 3152 1151 3211 et
1171 3143 1429 3213 inobedientiam

132 3268 211 3336 erga
243 3271 354 3336 regem
388 3249 554 3316 dominum
578 3273 682 3334 suum,
719 3251 808 3316 etin
830 3248 881 3315 his
915 3249 1177 3317 communitatem
1209 3247 1431 3335 firmaverunt,

135 3361 172 3420 ut
194 3351 312 3421 similia
344 3376 473 3442 semper
508 3353 739 3441 annihilentur,
776 3356 887 3440 itaque
909 3354 1007 3420 etiam
1030 3341 1089 3421 has
1122 3353 1235 3421 literas
1256 3355 1370 3443 regias
1400 3355 1431 3421 iu

132 3456 271 3527 nihilum
295 3467 534 3527 converterunt.

684 3651 831 3719 CAPUT
853 3652 883 3716 2.
967 3670 969 3675 ’

131 3828 194 3894 Ubi
215 3825 355 3892 scribitur
378 3828 415 3890 de
438 3830 563 3892 comitiis
586 3851 604 3890 a
625 3849 695 3908 rege
717 3830 873 3892 Ludovico
897 3828 1005 3890 Colinii
1026 3826 1183 3902 institutis,
1206 3829 1348 3910 adquae
1370 3826 1431 3895 cml

131 3936 186 3978 nes
209 3919 385 3993 citabantur,
408 3926 533 3996 excepto
555 3908 677 3979 domino
709 3918 783 3977 Law
805 3926 834 3977 at
856 3916 1082 3997 Pragausibus3
1104 3916 1242 3977 dominus
1279 3920 1359 3980 Lew
1381 3938 1429 3980 au·

130 4012 191 4064 tem
223 4015 253 4065 at
282 4005 451 4083 Pragauses
485 4006 517 4064 in
549 4005 697 4066 montibus
721 4002 828 4064 Cutnis
863 4003 1027 4064 existentes
1060 4004 1196 4063 nuntium
1236 4006 1277 4065 ad
1312 4006 1431 4068 comitia

132 4092 279 4153 miserunt
301 4100 330 4151 et
351 4093 492 4154 molestas
515 4111 585 4153 suas
606 4090 784 4170 gravedines
799 4097 1027 4170 proposuerunt,
1057 4091 1149 4151 etiam
1164 4091 1279 4153 domini
1295 4091 1431 4155 caenas

132 4179 290 4240 conciones
312 4188 551 4277 comupemoraut.
594 4179 672 4238 Item
702 4179 739 4237 de
778 4179 907 4253 quodam
940 4176 1046 4241 Duiek
1077 4187 1252 4255 mercatore,
1286 4181 1341 4257 qui
1377 4178 1430 4241 sibi

129 4265 190 4346 ipsi
210 4267 305 4326 vitam
336 4265 450 4326 ademit
473 4275 502 4326 at
523 4285 555 4326 sa
577 4265 743 4344 suspendit,
765 4272 795 4324 et
818 4282 893 4340 quae
927 4274 995 4344 post
1027 4273 1152 4326 mortem
1192 4285 1262 4347 eum
1278 4268 1429 4347 ,ejusdem

591 4371 716 4431 corpore
745 4350 826 4412 iacta
847 4350 966 4414 fuerint.
1299 4372 1303 4377 ·

212 4502 303 4569 Dum
318 4500 401 4568 haec
411 4502 520 4569 omnia
536 4503 665 4571 silentio
674 4503 927 4592 praeteriissent,
939 4526 1000 4571 rex
1011 4504 1151 4570 instituit
1162 4512 1365 4572 conventum
1375 4523 1430 4571 seu

129 4607 260 4675 comitia
281 4607 431 4674 omnibus
454 4606 591 4675 statibus
613 4608 835 4675 saecularibus
858 4609 953 4696 regni
975 4607 1153 4674 Bohemiae
1189 4606 1244 4675 die
1276 4607 1430 4677 Mercurii

122 4718 203 4783 sote
228 4709 316 4795 diem
343 4710 378 4784 S.
398 4710 534 4785 Martini
555 4711 598 4802 (8.
608 4711 706 4802 Nor.)
715 4711 814 4804 hujus
833 4714 913 4783 anni
938 4713 1023 4783 1525
1045 4712 1166 4784 Colinii
1187 4734 1291 4802 supra
1311 4715 1430 4801 Albim,
