2948 5040
134 132 180 201 64

133 327 229 405 prout
260 325 374 404 postea
407 317 602 384 invenietur.
645 314 737 381 Haec
770 338 835 385 uon
863 318 938 384 ideo
960 317 1083 406 loquor,
1116 331 1153 390 ut
1173 346 1217 389 ex
1238 325 1426 395 adulatione

133 445 202 488 rem
224 422 340 487 falsam
362 422 436 487 fuco
459 422 638 508 pingerem,
663 420 721 485 sed
742 423 818 507 quia
840 429 930 486 actus
953 424 1137 509 ipseverba
1150 429 1320 517 approbat,
1345 433 1431 520 quod

119 550 214 623 ³vera
236 529 311 610 sint,
350 547 433 614 quae
455 525 509 590 hic
544 525 663 591 scribo.
706 525 789 591 Nam
813 529 841 591 si
871 549 981 592 verum
1013 528 1128 596 fuisset
1149 536 1306 620 agnitum,
1344 538 1431 625 quod

136 632 285 699 occidere
306 631 449 717 reliquos
472 629 642 713 voluerint,
674 652 735 695 nec
757 631 902 716 dignum,
936 653 998 697 nec
1015 634 1140 720 justum
1173 637 1289 705 firisset
1316 663 1431 709 secun·

134 738 211 802 dum
229 739 284 825 jus
307 737 403 802 civile
427 736 578 824 (dejure
601 736 767 819 canonico,
792 757 866 800 cum
894 745 971 802 tunc
994 741 1149 826 temporis
1172 741 1280 809 locum
1301 745 1430 835 Pragae

134 866 199 909 non
221 841 378 926 habuerit,
401 841 521 929 taceo),
546 850 642 907 utres
666 840 748 906 haec
770 842 840 907 sine
861 842 1006 909 vindicta
1028 853 1061 911 et
1083 869 1189 934 poena
1211 848 1301 916 civili
1325 858 1433 917 trans·

133 949 191 1030 ire,
215 956 246 1011 et
267 947 439 1034 praeteriri
461 946 628 1032 potuisset,

219 1049 301 1117 Cum
330 1052 429 1137 igitur
460 1071 626 1135 nunquam
656 1047 752 1136 hujus
785 1045 1010 1134 probationem
1048 1053 1211 1140 quandam
1256 1057 1432 1144 acquirere

135 1157 306 1245 potuerint,
340 1155 465 1221 nullum
495 1155 536 1220 de
559 1153 610 1217 his
645 1153 783 1239 captivis
806 1153 945 1240 amplius
976 1164 1127 1241 torquere
1149 1168 1335 1247 potuerunt,
1373 1161 1433 1229 sed

134 1270 208 1349 post
232 1270 358 1347 tempus
381 1259 513 1346 aliquod
535 1267 658 1324 certum
681 1257 802 1323 liberos
826 1258 1026 1349 dimiserunt,
1050 1260 1245 1329 decivitate
1268 1287 1328 1331 eos
1351 1267 1435 1333 rele-

134 1376 257 1452 gantes,
288 1376 324 1431 ut
344 1387 424 1431 vero
454 1387 528 1430 suas
550 1362 650 1428 falsas
685 1362 795 1427 literas
830 1386 895 1428 non
918 1367 1130 1452 supprimant,
1164 1370 1338 1457 sequentia
1368 1371 1433 1441 sibi

133 1470 314 1554 finxerunt,
348 1469 435 1555 quod
470 1491 587 1554 nempe
625 1467 728 1532 hoca
750 1489 828 1555 rege
861 1491 919 1533 suo
962 1469 1103 1544 domino,
1129 1474 1350 1559 expetiverint
1375 1474 1433 1563 (ad

134 1576 248 1644 falsam
271 1601 382 1643 eorum
405 1587 437 1643 et
458 1575 706 1666 improbabilem
719 1574 940 1662 delationem),
963 1584 999 1639 ut
1021 1576 1094 1641 illos
1118 1577 1158 1640 de
1181 1579 1315 1645 civitate
1346 1581 1432 1648 rele-

136 1692 216 1769 gent
239 1694 270 1749 et
292 1683 383 1748 abire
402 1682 552 1769 jubeant,
577 1682 670 1767 quasi
691 1680 757 1746 illis
779 1679 915 1766 perinde
938 1681 1075 1766 gratiam
1099 1681 1338 1770 exhibuissent,
1360 1687 1432 1754 sine

135 1788 291 1853 effusione
319 1789 495 1873 sanguinis.
539 1788 612 1853 Hoc
647 1796 755 1850 tamen
790 1784 898 1850 adhuc
927 1784 1132 1870 addiderunt,
1167 1789 1254 1874 quod
1276 1788 1346 1855 illis
1369 1791 1433 1858 hoc

133 1895 254 1959 factum
275 1893 373 1958 fuerit
397 1901 532 1979 propter
556 1900 677 1957 sectam
700 1913 812 1956 eorum
834 1888 1086 1967 Pickharticam,
1125 1891 1183 1955 sed
1206 1895 1427 1980 sicutiunum,

133 2000 179 2063 ita
201 2007 233 2062 et
253 1999 390 2064 alterum
412 1997 603 2085 probatione
626 2001 736 2078 caruit,
759 2003 856 2083 prout
876 1992 960 2059 infra
982 1993 1077 2059 latius
1100 1995 1300 2083 probabitur.
1325 1999 1426 2082 Quod

133 2111 240 2169 autem
274 2104 529 2190 suprascriptum
573 2100 757 2188 symbolum
790 2108 846 2165 aut
878 2106 1033 2163 tesseram
1068 2099 1192 2184 attinet,
1228 2103 1300 2190 ipse
1334 2113 1430 2172 actus

131 2208 257 2296 probat,
281 2206 368 2293 quod
392 2207 473 2272 nulli
494 2205 681 2293 probationi
704 2203 863 2291 applicari
886 2205 1036 2291 potuerit,
1060 2206 1137 2291 quia
1155 2207 1345 2292 quindecim
1356 2232 1430 2298 per·

134 2334 233 2377 sonae
254 2313 381 2397 Pragae
418 2319 530 2376 contra
551 2319 675 2375 tantam
697 2309 825 2395 copiam
848 2307 1017 2373 hominum
1038 2308 1120 2374 nihil
1151 2311 1347 2381 effecissent
1371 2315 1430 2382 Se·

32 2480 34 2491 ,
133 2417 239 2480 cundo
263 2417 291 2480 si
314 2417 412 2480 etiam
434 2436 548 2481 verum
570 2413 693 2497 diisset,
718 2411 805 2500 quod
827 2433 937 2477 omnes
960 2413 1122 2478 voluerint
1144 2416 1303 2502 occidere,
1327 2430 1428 2507 prout

134 2542 242 2584 rumor
263 2519 333 2603 fuit,
367 2528 445 2584 tunc
474 2519 640 2584 debuisset
663 2519 844 2605 aequaliter
867 2521 934 2585 suis
958 2521 1041 2584 sicut
1076 2519 1150 2586 aliis
1174 2522 1209 2586 id
1230 2522 1312 2607 fieri,
1352 2527 1430 2613 quia

133 2623 271 2711 populus
303 2625 338 2689 in
368 2623 430 2688 hac
459 2623 623 2689 discordia
654 2624 740 2691 inter
773 2648 808 2690 sc
831 2627 953 2689 mixtus
985 2623 1047 2689 fuit
1080 2626 1253 2711 cumillis,
1288 2631 1346 2716 qui
1369 2653 1428 2718 pro

131 2728 315 2794 Pickhartis
336 2728 439 2794 habiti
450 2728 589 2814 fuerunt,
613 2738 645 2793 et
672 2731 769 2794 etiam
790 2729 866 2812 illis,
890 2730 945 2815 qui
956 2727 1017 2792 hac
1039 2727 1128 2794 dere
1151 2729 1233 2796 nihil
1249 2735 1427 2820 sciverunt,

134 2846 167 2898 ot
188 2836 220 2902 in
246 2833 385 2922 quadam
418 2842 468 2913 (ut
488 2835 534 2899 ita
556 2854 630 2899 oum
663 2833 789 2899 eisdem
822 2832 950 2920 loquar)
981 2833 1104 2898 unitate
1127 2833 1205 2899 fidei
1228 2836 1427 2909 christianae

133 2939 272 3008 fuerunt.
316 2938 439 3004 Verum
471 2939 506 3003 in
540 2938 602 3003 hoc
636 2937 742 3003 adhuc
776 2937 893 3002 mirum
916 2946 974 3019 est,
1009 2937 1096 3025 quod
1125 2939 1218 3004 multi
1239 2940 1426 3029 Pragenses

132 3044 193 3111 hoc
215 3043 398 3132 symbolum
421 3042 475 3109 vel
497 3051 655 3107 tesseram
678 3039 741 3106 sibi
763 3063 822 3128 pro
845 3040 1040 3107 offendiculo
1064 3046 1268 3131 sumpserint,
1301 3052 1425 3118 rescire

133 3160 242 3216 tamen
263 3170 328 3214 non
351 3156 524 3236 potuerrmt
546 3147 804 3235 conjurationem
826 3146 939 3234 populi
975 3145 1018 3211 ad
1047 3146 1145 3212 talem
1182 3159 1341 3219 tesseram
1368 3179 1425 3223 ne·

133 3254 276 3336 cessarii,
299 3255 371 3319 sine
393 3276 456 3342 quo
479 3262 602 3318 tessera
625 3250 774 3317 subsistit
806 3254 852 3316 ita
874 3253 958 3317 sicut
994 3273 1110 3340 corpus
1134 3255 1204 3320 sine
1227 3257 1348 3344 anima,
1372 3263 1427 3328 vel

132 3361 260 3448 piscina
283 3366 352 3425 sine
374 3381 466 3446 aqua.
510 3356 576 3423 Sed
598 3357 659 3421 hoc
694 3354 757 3421 sibi
788 3378 855 3422 non
892 3367 1100 3446 sumpserunt
1128 3383 1187 3446 pro
1218 3363 1425 3450 offendiculo,

133 3464 220 3551 quod
242 3466 426 3553 conjuratos
449 3462 622 3529 habuerint
652 3461 687 3524 in
710 3461 866 3546 macellis,
901 3472 933 3529 et
961 3464 997 3527 in
1018 3465 1158 3550 popinis,
1192 3487 1231 3532 ac
1252 3468 1344 3554 alibi,
1368 3471 1425 3537 ali·

133 3578 211 3657 quot
233 3578 387 3635 centenos
410 3567 557 3635 homines
579 3577 731 3645 armatos,
754 3578 787 3634 et
798 3567 990 3634 tantundem
1006 3570 1040 3633 in
1061 3571 1169 3635 curiis.
1215 3571 1312 3653 Quod
1335 3577 1424 3642 enim

134 3675 220 3741 malo
244 3675 390 3758 similius,
425 3696 467 3740 an
500 3675 572 3752 hoc,
608 3674 694 3763 quod
718 3675 815 3740 culex
838 3695 957 3761 equum
979 3696 1170 3741 consumere
1192 3676 1342 3763 voluerit,
1382 3702 1424 3746 an

132 3778 224 3860 illud,
248 3779 334 3867 quod
357 3789 487 3845 centurn
507 3779 576 3866 lupi
599 3778 860 3867 deplumaverint
888 3804 989 3847 unum
1010 3801 1170 3844 anserem.
1216 3781 1307 3847 Dum
1344 3807 1423 3873 ergo

132 3883 313 3969 Pragenses
336 3884 505 3971 vidissent,
542 3886 628 3973 quod
662 3908 735 3951 cum
769 3909 880 3952 eorum
901 3887 1082 3954 intentione
1114 3885 1195 3952 nihil
1218 3889 1421 3956 concordare

132 3989 212 4056 velit
233 3999 265 4056 et
287 3990 409 4057 nullam
432 3991 603 4056 veritatem
634 3994 757 4058 rescire
787 3995 923 4080 possint,
963 4002 1184 4060 convenerunt
1218 3995 1423 4079 unanimiter,

132 4103 257 4161 utrem
280 4096 534 4162 administratori
565 4096 670 4181 Gallo,
694 4099 829 4185 ejusque
864 4097 951 4163 clero
982 4099 1194 4179 committant,
1218 4099 1370 4185 quirem
1393 4107 1424 4166 et

132 4201 346 4266 intentionem
379 4199 600 4288 supradictam
632 4200 753 4289 ubique
786 4201 966 4286 divulgent,
1004 4210 1036 4266 et
1057 4200 1139 4266 nihil
1160 4204 1329 4287 reticeant,
1369 4205 1424 4291 qui

132 4306 228 4371 etiam
250 4305 339 4372 nullo
361 4314 507 4394 tempore
529 4305 566 4372 id
588 4307 709 4393 exequi
739 4305 965 4391 neglexerunt,
1004 4303 1061 4370 sed
1084 4309 1173 4372 omni
1207 4316 1356 4395 tempore
1392 4310 1426 4376 iu

131 4412 278 4484 ecclesiis
302 4421 334 4478 et
355 4410 567 4479 concionibus
589 4409 720 4499 publice
742 4419 774 4475 et
797 4410 951 4475 audacter
973 4411 1136 4496 dixerunt,
1160 4419 1192 4478 et
1211 4412 1425 4480 confirmave-

131 4530 207 4588 runt
227 4519 264 4585 id
285 4517 439 4585 audiente
460 4514 593 4603 populo,
615 4514 737 4580 exinde
761 4516 887 4581 animos
910 4518 1011 4602 partis
1033 4519 1129 4583 unius
1152 4524 1265 4584 contra
1287 4518 1426 4585 alteram

132 4622 348 4707 concitabant,
381 4622 539 4704 dicentes,
585 4619 672 4707 quod
693 4619 895 4686 Pickhartae‘
909 4622 1071 4689 voluerint
1098 4623 1277 4690 universim
1311 4645 1426 4691 omnes

131 4732 305 4818 trucidare,
326 4730 498 4817 addentes,
528 4728 670 4798 voluisse
693 4729 790 4797 etiam
813 4727 1004 4799 mulieribus
1026 4726 1128 4795 ubera
1149 4726 1357 4815 abscindere,
1393 4736 1428 4799 et
