2948 5040
122 172 168 246 22

122 350 271 437 personis
294 352 325 416 ei
348 350 509 439 adjunctis
533 349 655 415 clerum
690 358 815 438 regant,
846 356 879 413 et
912 347 1071 426 ordinent,
1102 356 1139 415 ut
1167 370 1227 437 pro
1258 349 1416 438 exemplo

119 454 184 518 sint
203 454 300 538 bono,
322 454 442 542 populo
464 453 538 536 Dei,
562 454 648 519 vitae
669 454 791 541 probae
814 461 846 517 et
866 454 900 517 in
923 451 1074 537 dogmate
1096 452 1179 540 legis
1202 453 1346 519 divinae.

753 583 783 648 2.

205 685 461 751 Administrator
493 685 549 751 ille
577 689 764 752 universum
799 686 920 751 clerum
944 685 1003 751 sub
1026 693 1161 772 utraque
1185 684 1294 771 specie
1325 707 1415 751 com-

120 793 355 858 municantium
388 792 483 876 regni
516 790 703 874 Bohemiae,
735 800 768 856 et
799 789 1040 855 marchionatus
1073 788 1239 853 Menariae
1273 788 1356 853 citet
1390 798 1422 853 et

126 1001 181 1088 qui
204 998 371 1064 emendari
392 1020 458 1062 non
491 999 625 1084 possint,
657 1008 712 1063 aut
742 1020 776 1063 se
811 996 982 1062 emendare
1018 995 1133 1078 nolint,
1162 994 1351 1080 puniantur,
1391 1006 1421 1060 et

123 1104 230 1170 officio
255 1101 397 1168 clericali
420 1103 589 1189 priventur
622 1111 719 1188 atque
742 1101 895 1167 alimenta
916 1099 1082 1165 laboribus
1105 1120 1259 1163 manuum
1274 1120 1416 1165 suarum

121 1208 277 1294 deinceps
308 1213 474 1294 quaerant.
518 1205 672 1292 Reliquos
702 1228 780 1272 vero
814 1228 927 1271 omnes
959 1203 1142 1287 admoneat,
1176 1212 1305 1269 etcum
1336 1226 1416 1270 oon·

122 1312 253 1377 siliariis
278 1314 345 1375 suis
368 1311 489 1398 adigat,
513 1322 549 1377 ut
570 1322 682 1402 utpote
704 1313 817 1378 fideles
841 1311 963 1377 Christi
987 1313 1072 1377 servi
1087 1312 1121 1376 in
1148 1311 1300 1398 operibus
1320 1314 1420 1400 justis

121 1424 154 1504 et
176 1417 328 1503 dogmate
350 1438 428 1481 vero
451 1418 637 1504 persistant,
661 1425 693 1482 et
715 1416 811 1504 hujus
834 1416 997 1503 dogmatis
1021 1413 1206 1503 exemplum
1229 1416 1293 1502 ipsi
1317 1437 1417 1503 prae·

120 1517 229 1602 beant,
264 1517 453 1584 scandalum
476 1543 573 1586 omne
597 1523 728 1604 evitent,
759 1520 805 1586 ita
826 1529 862 1584 ut
884 1519 1002 1606 dogma
1026 1527 1058 1584 et
1080 1518 1279 1606 praedicatio
1304 1541 1418 1586 eorum

125 1620 200 1692 cum
222 1625 290 1688 vita
312 1632 344 1689 et
365 1623 520 1706 moribus,
543 1633 576 1690 et
597 1625 664 1690 vita
688 1646 798 1689 eorum
827 1646 900 1689 eum
923 1624 1165 1710 praedicatione
1200 1632 1231 1687 et
1265 1623 1418 1712 dogmate

124 1727 342 1806 concordent3
376 1737 411 1793 ut
442 1730 539 1793 etiam
574 1730 683 1814 quivis
715 1729 857 1794 decanus
892 1737 981 1793 certo
1023 1737 1169 1818 tempore
1201 1729 1324 1795 elerum
1360 1728 1420 1801 sub

125 1834 229 1920 ipsius
253 1831 429 1899 directione
453 1835 656 1910 existentem,
688 1835 774 1918 citet,
808 1841 910 1922 regat,
941 1843 972 1897 et
1003 1836 1150 1919 instruat,
1186 1832 1348 1923 quomodo
1386 1855 1420 1898 se

123 1959 237 2024 gerere
261 1937 411 2020 debeant,
433 1948 469 2002 ut
492 1961 590 2026 supra
613 1938 735 2003 dictum
767 1945 824 2003 est.
870 1939 907 2005 si
940 1940 1011 2027 quis
1039 1962 1118 2006 vero
1148 1942 1194 2004 ita
1228 1959 1326 2024 agere
1358 1961 1418 2004 ne·

124 2041 273 2131 glexerit,
298 2051 330 2107 et
352 2042 475 2107 decano
500 2065 556 2107 suo
580 2042 713 2108 obedire
736 2043 886 2127 noluerit,
911 2043 1053 2109 decanus
1088 2043 1252 2110 tenebitur
1273 2040 1416 2108 admini-

126 2149 255 2213 stratori
279 2151 311 2212 et
333 2146 527 2213 consiliariis
551 2146 697 2234 ejusdem
720 2146 977 2214 inobedientiam
998 2147 1085 2213 hanc
1106 2149 1268 2214 intimare.

213 2381 311 2464 Item;
335 2380 422 2467 quod
455 2382 622 2447 concamit
655 2381 840 2470 capellanos
874 2391 906 2447 et
939 2382 1074 2449 elericos
1098 2383 1257 2470 juniores,
1287 2384 1345 2469 qui
1376 2380 1418 2447 ad

130 2485 387 2573 praedicandum
408 2484 544 2550 verbum
567 2486 633 2551 Dei
658 2485 764 2553 adhue
795 2489 863 2578 apti
893 2510 959 2553 non
993 2496 1076 2571 sunt,
1106 2486 1156 2553 illi
1188 2485 1275 2573 apud
1305 2485 1416 2553 doctos

127 2576 272 2656 seniores
295 2588 431 2655 clericos
465 2589 667 2657 detineantur
702 2600 734 2656 et
754 2593 955 2657 instruantur
996 2600 1093 2678 atque
1126 2591 1220 2656 citius
1253 2613 1312 2678 pro
1346 2612 1418 2656 con-

132 2693 279 2767 sionibus
317 2693 465 2758 dicendis
496 2717 561 2759 non
584 2695 803 2778 admittantur,
838 2696 900 2759 nisi
926 2699 1007 2761 bene
1043 2695 1150 2761 edocti
1184 2705 1216 2760 et
1247 2695 1418 2783 approbati

125 2798 255 2881 fuerint,
302 2806 335 2861 et
367 2796 527 2863 indultum
556 2807 652 2885 atque
681 2799 847 2864 licentiam
874 2798 1014 2887 desuper
1048 2823 1068 2865 a
1102 2798 1288 2886 supradicto
1317 2798 1418 2865 admi-

126 2907 300 2971 nistratore
329 2914 361 2970 et
383 2906 578 2972 consiliariis
601 2908 671 2994 ejus
695 2906 903 2973 obtinuerint.

214 3139 319 3224 Item3
343 3141 371 3205 si
392 3140 634 3205 administrator
655 3161 728 3205 cum
751 3139 947 3205 consiliariis
971 3139 1038 3204 suis
1071 3135 1233 3225 quendam
1256 3135 1299 3201 de
1323 3135 1415 3202 cleri·

131 3247 178 3310 cis
201 3254 257 3309 aut
278 3254 367 3309 motu
387 3247 529 3331 proprio,
563 3243 617 3308 vel
647 3244 689 3308 ad
717 3245 908 3331 petitionem
940 3242 1143 3331 quorundam
1175 3239 1415 3306 territorialium

127 3350 313 3432 instituerit,
346 3347 402 3412 ille
426 3350 495 3412 sine
519 3348 603 3411 scitu
626 3354 658 3410 et
689 3346 856 3412 voluntate
878 3347 1147 3412 administratoris
1170 3353 1203 3409 et
1224 3342 1417 3408 consiliario·

131 3475 204 3516 rum
227 3453 268 3516 de
289 3452 345 3516 illo
380 3452 450 3516 loco
481 3449 652 3516 discedere
681 3471 747 3514 non
779 3449 912 3533 audeat3
947 3453 975 3514 si
1008 3451 1081 3538 quis
1111 3470 1189 3515 vero
1222 3447 1416 3512 contrarium

131 3558 244 3641 egerit,
268 3565 301 3620 et
322 3576 340 3619 e
362 3555 432 3619 loco
456 3577 491 3618 se
512 3555 559 3618 ita
588 3555 736 3634 moverit,
768 3552 823 3618 ille
851 3555 886 3617 in
918 3561 1111 3640 potestatem
1138 3550 1409 3617 administratoris

129 3668 162 3727 st
183 3659 441 3724 consiliariorum
464 3659 534 3744 ejus
553 3657 624 3720 sine
640 3659 728 3722 omni
742 3657 997 3722 contradictione
1013 3667 1046 3723 et
1059 3656 1292 3744 impedimento
1311 3654 1417 3740 cujus·

132 3786 259 3851 cunque
282 3763 322 3827 de
344 3761 481 3827 statibus
504 3758 656 3824 nadatm.
701 3760 826 3840 Quodsi
848 3761 938 3826 locus
964 3761 1096 3849 quidam
1129 3760 1282 3824 remotior
1310 3757 1416 3837 fuerit,

129 3876 161 3933 et
183 3867 316 3932 difficile
339 3864 455 3929 incolis
477 3862 558 3948 ipsis
579 3862 677 3927 fuerit
698 3864 740 3929 de
762 3864 819 3929 tali
841 3864 960 3929 clerico
984 3863 1161 3944 sollicitari,
1193 3872 1271 3928 tunc
1292 3861 1418 3925 incolae

129 3971 179 4037 illi
200 3993 270 4037 rem
292 3970 376 4033 hanc
398 3967 532 4048 decano,
555 3964 697 4031 decanus
728 3989 805 4033 vero
837 3967 1102 4049 administratori,
1133 3966 1186 4031 vel
1214 3987 1272 4052 per
1291 3965 1412 4045 literas,

129 4085 185 4140 aut
218 4069 434 4160 personaliter
464 4067 605 4152 deferat,
636 4078 669 4133 et
698 4071 745 4134 ita
773 4092 847 4135 eum
884 4069 1051 4135 voluntate
1085 4068 1355 4134 administratoris
1390 4076 1422 4132 et

131 4176 388 4244 consiliariorum
411 4174 598 4238 conservari
620 4172 751 4240 debent.

764 4306 793 4371 5.

213 4408 317 4492 Item3
350 4406 436 4494 quod
459 4413 577 4472 statum
606 4407 798 4489 clericalem,
831 4414 864 4472 et
885 4408 1124 4492 susceptionem
1147 4406 1217 4493 ejus
1240 4404 1419 4487 concernit,

128 4513 350 4578 necessarium
361 4511 500 4576 ¹videtur
523 4533 605 4586 esse,
627 4534 669 4576 ne
693 4510 778 4576 ullus
794 4511 917 4597 absque
934 4511 1108 4576 sufficienti
1124 4510 1260 4575 scientia
1275 4515 1308 4572 et
1323 4507 1419 4595 bujus

129 4616 262 4703 praevio
284 4616 461 4680 tentamine
484 4616 686 4702 suscipiatur,
716 4617 835 4680 tentari
857 4624 974 4699 autern,
1006 4625 1039 4681 et
1058 4614 1233 4702 approbari
1263 4634 1283 4676 a
1311 4631 1423 4697 saepe-

131 4718 217 4784 dicto
257 4719 521 4785 administratore
556 4726 601 4782 et·
621 4704 815 4785 consiliariis
849 4719 918 4807 ejus
950 4740 1024 4786 cum
1058 4719 1234 4787 sufficienti
1262 4714 1421 4783 delibera·
