2948 5040
119 155 182 229 52·

125 328 271 418 Mathiae
304 327 487 415 Kardina15
514 349 589 395 cum
624 327 801 394 secundum
831 329 908 416 jura
931 329 1054 394 domini
1071 329 1174 416 jurati
1206 351 1226 394 a
1251 330 1327 417 jure
1365 351 1424 395 suo

116 433 272 502 recedere
305 442 488 521 nequeant,
522 433 662 519 ideoque
684 453 754 498 rem
784 433 880 498 istam
905 434 940 498 in
971 433 1058 498 diem
1092 435 1221 499 tertiam
1256 434 1423 522 differant,

118 538 177 627 sed
214 561 258 605 ex
279 538 428 627 qualibet
459 547 552 629 parte
574 540 609 604 in
632 547 698 603 tam
721 560 839 624 magno
873 560 1007 603 numero
1031 560 1096 603 non
1120 548 1338 627 compareant,
1366 541 1427 606 sed

117 665 160 725 ex
181 641 326 731 qualibet
347 652 439 731 parte
462 641 640 709 secundum
657 644 744 730 jura,
767 641 808 706 de
831 642 949 729 quibus
970 643 1035 709 illis
1059 647 1180 732 optimc
1202 654 1338 711 constat.
1375 644 1426 711 si-

115 746 184 836 mul
215 748 363 813 notitiam
400 746 491 813 dedit
519 746 632 813 doctor
665 746 808 812 Passek:
845 747 930 834 quod
952 752 1173 837 vespertinum
1213 771 1426 836 congressum

116 850 239 936 attinet,
259 850 350 940 ,quod
371 850 521 918 dominus
544 850 656 918 consul
689 852 836 918 notitiam
870 851 926 917 det
959 863 1168 941 sequentem:
1199 864 1273 922 ante
1305 876 1423 942 vespe·

117 978 190 1037 rum
212 955 255 1023 ad
282 956 376 1037 illum
398 958 530 1023 venisse
564 956 646 1022 duos
669 958 769 1041 cives,
794 956 1024 1043 significantes,
1064 960 1150 1046 quod
1180 959 1426 1045 Mimo-Preger

118 1064 208 1131 cives
229 1066 445 1151 conveniant3
467 1064 601 1131 tandem
624 1086 699 1130 cum
722 1062 837 1128 eadem
859 1060 1032 1144 relatione,
1057 1063 1143 1149 quod
1175 1064 1325 1131 venerint
1358 1084 1425 1128 ma·

118 1169 220 1255 gister
265 1169 478 1237 Wenceslaus
490 1217 500 1254 ,
535 1169 608 1236 vice
621 1206 631 1220 -
645 1169 762 1252 scriba,
798 1177 830 1232 et
862 1166 1011 1232 dominus
1034 1165 1189 1252 Joauues,
1218 1193 1238 1234 a
1272 1190 1424 1257 supremo

119 1272 228 1340 scriba
260 1272 306 1339 de
334 1275 429 1360 regni
462 1274 600 1358 tabulis,
635 1282 667 1338 ct
710 1272 926 1339 amicabiliter
962 1270 1076 1337 cadem
1112 1273 1350 1357 intimaverint,
1397 1282 1429 1338 et

119 1376 365 1458 admonuerint,
388 1401 430 1444 ue
468 1380 565 1445 etiam
587 1378 640 1444 hic
662 1378 786 1467 aliquid
819 1378 884 1445 tole
907 1378 1082 1463 contingat.
1138 1379 1226 1444 Dum
1261 1401 1339 1464 ergo
1371 1378 1426 1443 do-

118 1483 225 1549 minus
237 1485 350 1552 consul
371 1484 453 1550 haec
475 1483 517 1550 ab
539 1483 606 1550 illis
629 1484 816 1566 audivisset,
841 1482 927 1571 quod
949 1505 1027 1548 mox
1049 1492 1200 1549 senatum
1232 1486 1267 1548 in
1301 1485 1428 1551 curiam

120 1591 292 1657 convocari
310 1590 456 1677 jusserit,
479 1597 516 1656 ut
537 1589 634 1677 hujus
658 1591 784 1655 ratione
806 1590 892 1655 inter
915 1613 949 1655 se
973 1589 1152 1673 consulant,
1177 1598 1209 1655 et
1239 1591 1266 1654 si
1288 1610 1427 1654 necesse

118 1692 215 1778 foret,
251 1694 376 1761 civitati
408 1693 612 1784 provideant.
660 1694 756 1775 Quod
791 1703 899 1760 autem
935 1694 1016 1761 alios
1049 1693 1202 1759 articulos
1237 1694 1428 1777 concernit,

121 1798 241 1886 (inquit
260 1798 400 1887 Passck)
425 1822 505 1887 quos
527 1799 745 1885 intimavistis,
770 1823 844 1866 cum
868 1802 1006 1887 exiguus
1029 1822 1182 1865 numerus
1217 1798 1423 1864 dominorum

121 1913 307 1971 senatorum
328 1903 430 1983 adsit,
452 1904 602 1987 volumus
624 1905 697 1970 illos
721 1905 784 1971 alio
807 1915 953 1993 tempore
976 1904 1181 1970 considerare
1205 1911 1237 1968 et
1258 1902 1323 1968 illis
1346 1925 1426 1989 pro·

121 2008 245 2083 videre.

658 2199 805 2268 CAPUT
840 2201 890 2266 17.

124 2311 186 2376 Ubi
215 2309 343 2372 refertur
365 2311 482 2373 occulta
511 2311 594 2372 fraus
628 2313 757 2373 lanionis
793 2308 886 2389 Zy'ka,
923 2320 1026 2372 contra
1061 2316 1154 2373 bonos
1179 2320 1208 2370 et
1228 2311 1339 2389 justos,
1375 2310 1426 2390 qui

123 2399 257 2475 dominos
294 2405 445 2459 senatores
483 2399 513 2458 in
546 2401 613 2460 loco
649 2409 769 2460 senatus
793 2400 872 2476 cepit
895 2407 924 2459 ct
947 2401 1121 2480 captivavit,
1146 2400 1226 2478 quod
1250 2408 1346 2459 totum
1358 2419 1426 2460 cum

124 2487 192 2576 ipso
220 2486 400 2546 intrantibus
437 2488 532 2565 (quod
566 2506 674 2565 nempe
694 2487 785 2547 talem
819 2486 1015 2548 intentionem
1037 2489 1174 2562 haberet)
1200 2488 1335 2564 ignotum
1359 2484 1427 2547 fuit.

208 2655 288 2722 Post
309 2657 391 2722 haec
413 2656 509 2742 diota,
533 2630 641 2746 inquit
661 2656 774 2743 Zyka:
811 2655 934 2722 Contra
956 2658 1041 2724 hanc
1064 2658 1256 2724 dilationem
1277 2679 1343 2722 nou
1381 2658 1427 2723 lo-

124 2762 269 2850 quimur,
291 2761 412 2827 scimus
437 2762 525 2827 enim
546 2761 629 2827 illud
653 2759 830 2826 secundum
847 2763 924 2848 jura
945 2761 1030 2846 fieri,
1065 2762 1128 2827 nisi
1168 2761 1248 2828 alias
1270 2784 1429 2849 personas

123 2873 353 2950 concerneret3
377 2864 437 2930 hae
461 2875 570 2932 autem
591 2886 751 2954 personae
775 2875 850 2930 sunt
873 2865 998 2931 altioris
1033 2867 1201 2952 dignitatis
1239 2875 1271 2932 et
1304 2868 1429 2934 citatio·

124 2971 187 3050 uis,
209 2993 286 3037 nam
307 2993 390 3037 unus
412 2979 461 3038 est
477 2970 671 3054 Cardinalis,
695 2978 728 3036 et
749 2970 805 3035 ille
827 2979 925 3036 noctu
947 2994 1006 3059 per
1027 2972 1163 3059 plateas,
1189 2980 1221 3036 et
1243 2972 1333 3037 cives
1355 2993 1429 3037 cur-

118 3097 195 3142 rens
228 3076 281 3141 cni
303 3074 468 3160 obviavit,
507 3075 600 3142 dedit
623 3077 751 3161 signum
774 3097 882 3159 manu,
907 3097 970 3163 quo
993 3078 1042 3141 ire
1064 3076 1214 3159 debeant,
1251 3099 1348 3164 quem
1379 3076 1428 3142 illi

119 3180 239 3268 optime
261 3178 500 3246 intellexeruut.
545 3179 641 3244 Alter
663 3202 782 3245 nomen
805 3179 903 3246 habet
925 3181 1091 3265 Lucerna,
1116 3183 1171 3269 qui
1195 3181 1304 3246 multis
1329 3181 1427 3264 lucet,

119 3283 175 3371 qui
196 3284 318 3371 pariter
339 3307 399 3373 per
422 3286 512 3351 cives
544 3282 789 3369 obambulavit3
828 3285 967 3372 ideoque
998 3286 1033 3350 hi
1055 3286 1177 3351 domini
1201 3298 1311 3352 coram
1335 3285 1428 3352 vobis

118 3386 200 3454 haec
221 3388 301 3475 ipsis
312 3387 434 3455 referre
449 3386 694 3465 mandaverunt,
717 3388 804 3476 quod
816 3387 889 3454 illos
911 3390 946 3453 in
961 3398 1152 3476 potestatem
1177 3414 1268 3456 suam
1304 3399 1337 3455 et
1360 3413 1430 3455 car·

120 3514 211 3558 ceres
249 3491 336 3560 Suae
364 3493 543 3581 Majestatis
577 3503 752 3560 assumant.
800 3493 876 3559 Tibi
898 3517 976 3561 vero
1007 3493 1119 3559 doctor
1142 3495 1241 3583 Sspik
1274 3494 1334 3583 (ita
1357 3517 1429 3560 eum

118 3596 276 3679 allocutus
318 3599 378 3664 fuit
409 3598 501 3680 ideo,
535 3597 622 3685 quod
658 3599 826 3685 explicans
861 3597 961 3665 libros
994 3598 1139 3682 Lutheri,
1178 3623 1222 3665 cx
1261 3601 1359 3665 latino
1398 3601 1431 3662 in

119 3706 306 3774 bohemicum
337 3706 553 3788 transferens,
589 3706 755 3794 scripserit
793 3707 834 3772 de
869 3705 1090 3773 sacerdotibus
1120 3705 1307 3793 papalibus,
1345 3702 1430 3790 quod

118 3809 191 3876 olco
222 3810 311 3876 uncti
342 3809 580 3898 [Sspikowany']
619 3811 696 3899 sint)
731 3811 812 3876 haec
845 3811 911 3876 dici
948 3810 1205 3888 mandaverunt3
1241 3832 1314 3875 cum
1353 3805 1431 3874 alibi

119 3921 192 3997 tuas
212 3916 373 4003 nequitias
396 3923 429 3979 et
449 3914 643 4002 petulantias
666 3918 701 3981 in
724 3918 875 3983 effectum
906 3915 1067 3981 deducere
1089 3937 1155 3980 non
1187 3915 1342 4002 potueris,
1377 3936 1431 3978 eas

117 4016 173 4085 hic
204 4020 378 4086 terminare
408 4027 441 4084 et
463 4027 621 4086 attentare
654 4021 795 4104 voluisti,
830 4020 915 4108 quod
956 4021 1015 4086 tibi
1050 4019 1254 4086 abundanter
1277 4018 1432 4106 probabi·

117 4131 179 4208 tur,
202 4122 278 4189 dum
300 4122 344 4188 ad
364 4145 434 4188 rom
454 4127 590 4208 venerit,
625 4134 657 4190 et
689 4148 825 4192 necesse
866 4126 982 4210 fuerit,
1018 4125 1104 4213 quod
1138 4126 1235 4190 etiam
1268 4125 1432 4209 quondam

118 4248 288 4295 numerum
310 4226 477 4296 homiuum
499 4230 585 4298 adte
609 4231 770 4312 citaveris,
794 4239 827 4296 et
848 4231 1059 4318 persuasoris,
1092 4228 1346 4294 administratori
1370 4231 1428 4294 mi·

118 4334 214 4398 natus
250 4331 364 4416 fueris,
403 4343 435 4400 ct
470 4334 637 4401 meliorem
678 4333 908 4419 infamatoris,
952 4357 1048 4423 quam
1081 4334 1219 4422 ipsemet
1252 4335 1317 4418 sis3
1359 4334 1434 4400 ideo

119 4435 225 4523 primo
247 4444 280 4500 tc
302 4436 409 4505 officio
439 4447 499 4523 tuo
518 4436 765 4503 cancellariatus
802 4442 978 4527 privamus,
1014 4461 1077 4528 quo
1099 4438 1218 4524 dignus
1248 4460 1314 4503 nou
1344 4438 1435 4506 fuisti

119 4558 183 4609 nto
205 4560 257 4624 es,
286 4550 483 4631 quapropter
516 4541 613 4607 etiam
643 4548 677 4607 tu
711 4565 851 4630 nequam
886 4553 918 4610 et
939 4543 1101 4609 malitiose
1133 4542 1300 4629 proditor,
1335 4551 1367 4608 tc
1401 4543 1435 4607 in

118 4651 312 4732 potestatem
358 4653 519 4728 nostram,
555 4653 587 4711 et
625 4669 773 4715 carceres
807 4649 893 4715 Suae
923 4649 1105 4737 MaJestatis
1141 4647 1262 4733 Regiae
1300 4649 1434 4715 assumi·

109 4767 209 4832 mua·
236 4749 393 4838 (Buryan
426 4748 484 4817 ills
517 4748 630 4818 doctor
659 4751 728 4843 tuit
761 4760 864 4822 status
894 4755 1074 4842 equestris,
1098 4759 1131 4820 et
1167 4750 1347 4823 secundum
1380 4771 1434 4820 au·
