<?xml version="1.0" encoding="UTF-8"?>
<!DOCTYPE html PUBLIC "-//W3C//DTD XHTML 1.0 Transitional//EN"
    "http://www.w3.org/TR/xhtml1/DTD/xhtml1-transitional.dtd">
<html xmlns="http://www.w3.org/1999/xhtml" xml:lang="en" lang="en">
 <head>
  <title>
</title>
<meta http-equiv="Content-Type" content="text/html;charset=utf-8" />
  <meta name='ocr-system' content='tesseract 3.04.00' />
  <meta name='ocr-capabilities' content='ocr_page ocr_carea ocr_par ocr_line ocrx_word'/>
</head>
<body>
  <div class='ocr_page' id='page_1' title='image "./desbartholomusv00bartgoog_0163.png"; bbox 0 0 2948 5040; ppageno 0'>
   <div class='ocr_carea' id='block_1_1' title="bbox 122 156 886 402">
    <p class='ocr_par' dir='ltr' id='par_1_1' title="bbox 122 156 886 402">
     <span class='ocr_line' id='line_1_1' title="bbox 122 156 188 239; baseline 0 0"><span class='ocrx_word' id='word_1_1' title='bbox 122 156 188 239; x_wconf 72' lang='lat' dir='ltr'>tto</span> 
     </span>
     <span class='ocr_line' id='line_1_2' title="bbox 666 330 886 402; baseline 0.005 -1"><span class='ocrx_word' id='word_1_2' title='bbox 666 330 813 401; x_wconf 83' lang='lat' dir='ltr'>oarur</span> <span class='ocrx_word' id='word_1_3' title='bbox 837 333 886 402; x_wconf 86' lang='lat' dir='ltr'>re.</span> 
     </span>
    </p>
   </div>
   <div class='ocr_carea' id='block_1_2' title="bbox 185 500 1419 593">
    <p class='ocr_par' dir='ltr' id='par_1_2' title="bbox 185 500 1419 593">
     <span class='ocr_line' id='line_1_3' title="bbox 185 500 1419 593; baseline -0.002 -18"><span class='ocrx_word' id='word_1_4' title='bbox 185 514 305 576; x_wconf 84' lang='lat' dir='ltr'>Literaa</span> <span class='ocrx_word' id='word_1_5' title='bbox 326 513 424 574; x_wconf 80' lang='lat' dir='ltr'>fratris</span> <span class='ocrx_word' id='word_1_6' title='bbox 446 512 579 574; x_wconf 85' lang='lat' dir='ltr'>Mathiae</span> <span class='ocrx_word' id='word_1_7' title='bbox 601 515 639 573; x_wconf 85' lang='lat' dir='ltr'>ad</span> <span class='ocrx_word' id='word_1_8' title='bbox 662 500 869 574; x_wconf 80' lang='lat' dir='ltr'>consistorium</span> <span class='ocrx_word' id='word_1_9' title='bbox 892 514 1012 577; x_wconf 83' lang='lat' dir='ltr'>missua</span> <span class='ocrx_word' id='word_1_10' title='bbox 1034 512 1090 591; x_wconf 73' lang='lat'>(17</span> <span class='ocrx_word' id='word_1_11' title='bbox 1114 513 1201 576; x_wconf 85' lang='lat' dir='ltr'>Mart</span> <span class='ocrx_word' id='word_1_12' title='bbox 1230 512 1332 585; x_wconf 76' lang='lat'>1525)</span> <span class='ocrx_word' id='word_1_13' title='bbox 1414 586 1419 593; x_wconf 28' lang='grc' dir='ltr'>Ι</span> 
     </span>
    </p>
   </div>
   <div class='ocr_carea' id='block_1_3' title="bbox 20 661 1414 1174">
    <p class='ocr_par' dir='ltr' id='par_1_3' title="bbox 20 661 1414 1174">
     <span class='ocr_line' id='line_1_4' title="bbox 205 661 1413 754; baseline -0.003 -22"><span class='ocrx_word' id='word_1_14' title='bbox 205 665 348 732; x_wconf 78' lang='lat' dir='ltr'>Salutem</span> <span class='ocrx_word' id='word_1_15' title='bbox 377 665 549 754; x_wconf 84' lang='lat' dir='ltr'>plurimam</span> <span class='ocrx_word' id='word_1_16' title='bbox 579 673 616 732; x_wconf 86' lang='lat' dir='ltr'>et</span> <span class='ocrx_word' id='word_1_17' title='bbox 647 664 844 731; x_wconf 89' lang='lat' dir='ltr'>desiderium</span> <span class='ocrx_word' id='word_1_18' title='bbox 877 667 1077 734; x_wconf 86' lang='lat' dir='ltr'>salutiferum</span> <span class='ocrx_word' id='word_1_19' title='bbox 1109 667 1151 734; x_wconf 86' lang='lat' dir='ltr'>in&#39;</span> <span class='ocrx_word' id='word_1_20' title='bbox 1168 665 1299 734; x_wconf 76' lang='lat' dir='ltr'>Christo</span> <span class='ocrx_word' id='word_1_21' title='bbox 1331 661 1413 729; x_wconf 87' lang='lat' dir='ltr'>Jesu</span> 
     </span>
     <span class='ocr_line' id='line_1_5' title="bbox 120 769 1413 856; baseline -0.001 -18"><span class='ocrx_word' id='word_1_22' title='bbox 120 769 222 838; x_wconf 81' lang='lat' dir='ltr'>Vobis</span> <span class='ocrx_word' id='word_1_23' title='bbox 245 769 403 856; x_wconf 84' lang='lat' dir='ltr'>significo,</span> <span class='ocrx_word' id='word_1_24' title='bbox 426 770 556 837; x_wconf 90' lang='lat' dir='ltr'>domine</span> <span class='ocrx_word' id='word_1_25' title='bbox 588 770 829 841; x_wconf 87' lang='lat' dir='ltr'>administrator</span> <span class='ocrx_word' id='word_1_26' title='bbox 861 779 893 836; x_wconf 88' lang='lat' dir='ltr'>et</span> <span class='ocrx_word' id='word_1_27' title='bbox 922 770 1044 837; x_wconf 90' lang='lat' dir='ltr'>domini</span> <span class='ocrx_word' id='word_1_28' title='bbox 1075 771 1318 839; x_wconf 86' lang='lat' dir='ltr'>consistoriales</span> <span class='ocrx_word' id='word_1_29' title='bbox 1353 780 1413 837; x_wconf 88' lang='lat' dir='ltr'>etc.</span> 
     </span>
     <span class='ocr_line' id='line_1_6' title="bbox 20 873 1413 963; baseline -0.002 -20"><span class='ocrx_word' id='word_1_30' title='bbox 20 915 22 921; x_wconf 69' lang='lat'>,</span> <span class='ocrx_word' id='word_1_31' title='bbox 120 874 208 943; x_wconf 88' lang='lat' dir='ltr'>Vera</span> <span class='ocrx_word' id='word_1_32' title='bbox 228 873 360 941; x_wconf 90' lang='lat' dir='ltr'>dilectio</span> <span class='ocrx_word' id='word_1_33' title='bbox 382 875 559 943; x_wconf 85' lang='lat' dir='ltr'>christiana</span> <span class='ocrx_word' id='word_1_34' title='bbox 579 873 757 963; x_wconf 88' lang='lat' dir='ltr'>quemlihet</span> <span class='ocrx_word' id='word_1_35' title='bbox 777 873 907 940; x_wconf 87' lang='lat' dir='ltr'>fidelem</span> <span class='ocrx_word' id='word_1_36' title='bbox 933 876 1101 942; x_wconf 82' lang='lat' dir='ltr'><strong>mortalem</strong></span> <span class='ocrx_word' id='word_1_37' title='bbox 1133 876 1177 943; x_wconf 87' lang='lat' dir='ltr'>ad</span> <span class='ocrx_word' id='word_1_38' title='bbox 1205 876 1289 943; x_wconf 88' lang='lat' dir='ltr'>haec</span> <span class='ocrx_word' id='word_1_39' title='bbox 1319 875 1413 942; x_wconf 86' lang='lat' dir='ltr'>ducit</span> 
     </span>
     <span class='ocr_line' id='line_1_7' title="bbox 120 979 1413 1070; baseline -0.001 -23"><span class='ocrx_word' id='word_1_40' title='bbox 120 989 154 1047; x_wconf 87' lang='lat' dir='ltr'>et</span> <span class='ocrx_word' id='word_1_41' title='bbox 174 981 271 1066; x_wconf 81' lang='lat' dir='ltr'>cogit,</span> <span class='ocrx_word' id='word_1_42' title='bbox 293 988 330 1044; x_wconf 89' lang='lat' dir='ltr'>ut</span> <span class='ocrx_word' id='word_1_43' title='bbox 352 981 380 1045; x_wconf 88' lang='lat' dir='ltr'>ai</span> <span class='ocrx_word' id='word_1_44' title='bbox 403 1001 486 1067; x_wconf 90' lang='lat' dir='ltr'>quae</span> <span class='ocrx_word' id='word_1_45' title='bbox 508 981 543 1045; x_wconf 89' lang='lat' dir='ltr'>in</span> <span class='ocrx_word' id='word_1_46' title='bbox 574 981 724 1068; x_wconf 85' lang='lat' dir='ltr'>proximo</span> <span class='ocrx_word' id='word_1_47' title='bbox 758 996 816 1045; x_wconf 87' lang='lat' dir='ltr'>suo</span> <span class='ocrx_word' id='word_1_48' title='bbox 848 989 1006 1068; x_wconf 77' lang='lat' dir='ltr'>apparent</span> <span class='ocrx_word' id='word_1_49' title='bbox 1033 981 1163 1065; x_wconf 70' lang='lat' dir='ltr'>vinosa,</span> <span class='ocrx_word' id='word_1_50' title='bbox 1195 979 1238 1047; x_wconf 90' lang='lat' dir='ltr'>de</span> <span class='ocrx_word' id='word_1_51' title='bbox 1270 982 1347 1070; x_wconf 89' lang='lat' dir='ltr'>ipso</span> <span class='ocrx_word' id='word_1_52' title='bbox 1380 981 1413 1046; x_wconf 91' lang='lat' dir='ltr'>in</span> 
     </span>
     <span class='ocr_line' id='line_1_8' title="bbox 120 1082 1414 1174; baseline 0.002 -24"><span class='ocrx_word' id='word_1_53' title='bbox 120 1082 268 1151; x_wconf 87' lang='lat' dir='ltr'>absentia</span> <span class='ocrx_word' id='word_1_54' title='bbox 289 1083 436 1171; x_wconf 88' lang='lat' dir='ltr'>ejusdem</span> <span class='ocrx_word' id='word_1_55' title='bbox 457 1106 524 1150; x_wconf 89' lang='lat' dir='ltr'>non</span> <span class='ocrx_word' id='word_1_56' title='bbox 547 1084 704 1172; x_wconf 86' lang='lat' dir='ltr'>loquatur,</span> <span class='ocrx_word' id='word_1_57' title='bbox 737 1085 804 1150; x_wconf 89' lang='lat' dir='ltr'>imo</span> <span class='ocrx_word' id='word_1_58' title='bbox 830 1084 971 1150; x_wconf 87' lang='lat' dir='ltr'>maxime</span> <span class='ocrx_word' id='word_1_59' title='bbox 1002 1085 1068 1168; x_wconf 91' lang='lat' dir='ltr'>illa,</span> <span class='ocrx_word' id='word_1_60' title='bbox 1099 1105 1182 1171; x_wconf 87' lang='lat' dir='ltr'>quae</span> <span class='ocrx_word' id='word_1_61' title='bbox 1214 1087 1287 1173; x_wconf 90' lang='lat' dir='ltr'>ipso</span> <span class='ocrx_word' id='word_1_62' title='bbox 1320 1106 1414 1174; x_wconf 77' lang='lat' dir='ltr'>prae</span> 
     </span>
    </p>
   </div>
   <div class='ocr_carea' id='block_1_4' title="bbox 94 1187 1423 4848">
    <p class='ocr_par' dir='ltr' id='par_1_4' title="bbox 94 1187 1423 4848">
     <span class='ocr_line' id='line_1_9' title="bbox 120 1187 1416 1278; baseline 0.001 -22"><span class='ocrx_word' id='word_1_63' title='bbox 120 1197 212 1256; x_wconf 86' lang='lat' dir='ltr'>sente</span> <span class='ocrx_word' id='word_1_64' title='bbox 244 1188 333 1275; x_wconf 87' lang='lat' dir='ltr'>loqui</span> <span class='ocrx_word' id='word_1_65' title='bbox 355 1211 421 1256; x_wconf 91' lang='lat' dir='ltr'>non</span> <span class='ocrx_word' id='word_1_66' title='bbox 454 1188 598 1272; x_wconf 78' lang='lat' dir='ltr'>auderet,</span> <span class='ocrx_word' id='word_1_67' title='bbox 633 1187 809 1256; x_wconf 85' lang='lat' dir='ltr'>secundum</span> <span class='ocrx_word' id='word_1_68' title='bbox 843 1191 1022 1277; x_wconf 72' lang='lat' dir='ltr'>scripturae</span> <span class='ocrx_word' id='word_1_69' title='bbox 1054 1197 1193 1256; x_wconf 85' lang='lat' dir='ltr'>textum:</span> <span class='ocrx_word' id='word_1_70' title='bbox 1227 1192 1416 1278; x_wconf 86' lang='lat' dir='ltr'>proximum</span> 
     </span>
     <span class='ocr_line' id='line_1_10' title="bbox 119 1292 1423 1383; baseline -0.004 -18"><span class='ocrx_word' id='word_1_71' title='bbox 119 1307 209 1365; x_wconf 91' lang='lat' dir='ltr'>tuum</span> <span class='ocrx_word' id='word_1_72' title='bbox 231 1293 357 1363; x_wconf 83' lang='lat' dir='ltr'>occulte</span> <span class='ocrx_word' id='word_1_73' title='bbox 378 1294 454 1360; x_wconf 94' lang='lat' dir='ltr'>odio</span> <span class='ocrx_word' id='word_1_74' title='bbox 477 1316 541 1360; x_wconf 88' lang='lat' dir='ltr'>non</span> <span class='ocrx_word' id='word_1_75' title='bbox 563 1292 710 1378; x_wconf 87' lang='lat' dir='ltr'>habebis,</span> <span class='ocrx_word' id='word_1_76' title='bbox 741 1294 799 1360; x_wconf 92' lang='lat' dir='ltr'>sed</span> <span class='ocrx_word' id='word_1_77' title='bbox 820 1300 937 1381; x_wconf 91' lang='lat' dir='ltr'>punies</span> <span class='ocrx_word' id='word_1_78' title='bbox 959 1293 1052 1360; x_wconf 92' lang='lat' dir='ltr'>illum</span> <span class='ocrx_word' id='word_1_79' title='bbox 1072 1303 1201 1383; x_wconf 80' lang='lat' dir='ltr'>aperte,¹</span> <span class='ocrx_word' id='word_1_80' title='bbox 1223 1316 1267 1361; x_wconf 88' lang='lat' dir='ltr'>ne</span> <span class='ocrx_word' id='word_1_81' title='bbox 1289 1295 1353 1362; x_wconf 89' lang='lat' dir='ltr'>tihi</span> <span class='ocrx_word' id='word_1_82' title='bbox 1376 1296 1423 1361; x_wconf 83' lang='lat' dir='ltr'>sit·</span> 
     </span>
     <span class='ocr_line' id='line_1_11' title="bbox 119 1398 1423 1492; baseline -0.004 -23"><span class='ocrx_word' id='word_1_83' title='bbox 119 1410 289 1492; x_wconf 86' lang='lat' dir='ltr'>peccatum</span> <span class='ocrx_word' id='word_1_84' title='bbox 319 1423 361 1466; x_wconf 85' lang='lat' dir='ltr'>ex</span> <span class='ocrx_word' id='word_1_85' title='bbox 383 1398 449 1468; x_wconf 86' lang='lat' dir='ltr'>illo.</span> <span class='ocrx_word' id='word_1_86' title='bbox 491 1398 574 1484; x_wconf 86' lang='lat' dir='ltr'>Item</span> <span class='ocrx_word' id='word_1_87' title='bbox 603 1400 641 1464; x_wconf 92' lang='lat' dir='ltr'>in</span> <span class='ocrx_word' id='word_1_88' title='bbox 674 1400 834 1487; x_wconf 88' lang='lat' dir='ltr'>scriptura</span> <span class='ocrx_word' id='word_1_89' title='bbox 862 1399 1052 1484; x_wconf 82' lang='lat' dir='ltr'>continetur,</span> <span class='ocrx_word' id='word_1_90' title='bbox 1097 1399 1184 1488; x_wconf 91' lang='lat' dir='ltr'>quod</span> <span class='ocrx_word' id='word_1_91' title='bbox 1211 1401 1423 1488; x_wconf 83' lang='lat' dir='ltr'>praeceperit·</span> 
     </span>
     <span class='ocr_line' id='line_1_12' title="bbox 120 1504 1416 1592; baseline -0.003 -19"><span class='ocrx_word' id='word_1_92' title='bbox 120 1509 212 1574; x_wconf 87' lang='lat' dir='ltr'>Deus</span> <span class='ocrx_word' id='word_1_93' title='bbox 233 1505 418 1592; x_wconf 90' lang='lat' dir='ltr'>unicuique,</span> <span class='ocrx_word' id='word_1_94' title='bbox 441 1513 477 1569; x_wconf 90' lang='lat' dir='ltr'>ut</span> <span class='ocrx_word' id='word_1_95' title='bbox 499 1504 689 1570; x_wconf 88' lang='lat' dir='ltr'>sollicitetur</span> <span class='ocrx_word' id='word_1_96' title='bbox 711 1504 753 1570; x_wconf 91' lang='lat' dir='ltr'>de</span> <span class='ocrx_word' id='word_1_97' title='bbox 775 1505 924 1592; x_wconf 86' lang='lat' dir='ltr'>proximo</span> <span class='ocrx_word' id='word_1_98' title='bbox 956 1527 1023 1589; x_wconf 89' lang='lat' dir='ltr'>suo,</span> <span class='ocrx_word' id='word_1_99' title='bbox 1059 1507 1135 1592; x_wconf 88' lang='lat' dir='ltr'>quia</span> <span class='ocrx_word' id='word_1_100' title='bbox 1156 1505 1222 1570; x_wconf 91' lang='lat' dir='ltr'>ait:</span> <span class='ocrx_word' id='word_1_101' title='bbox 1253 1505 1326 1569; x_wconf 89' lang='lat' dir='ltr'>sine</span> <span class='ocrx_word' id='word_1_102' title='bbox 1348 1526 1416 1569; x_wconf 86' lang='lat' dir='ltr'>res·</span> 
     </span>
     <span class='ocr_line' id='line_1_13' title="bbox 119 1608 1418 1702; baseline -0.004 -24"><span class='ocrx_word' id='word_1_103' title='bbox 119 1620 218 1702; x_wconf 80' lang='lat' dir='ltr'>p&#39;ectu</span> <span class='ocrx_word' id='word_1_104' title='bbox 245 1630 465 1699; x_wconf 90' lang='lat' dir='ltr'>personarum,</span> <span class='ocrx_word' id='word_1_105' title='bbox 495 1609 632 1696; x_wconf 88' lang='lat' dir='ltr'>pauperi</span> <span class='ocrx_word' id='word_1_106' title='bbox 661 1609 744 1673; x_wconf 86' lang='lat' dir='ltr'>sicut</span> <span class='ocrx_word' id='word_1_107' title='bbox 776 1608 879 1690; x_wconf 85' lang='lat' dir='ltr'>diviti,</span> <span class='ocrx_word' id='word_1_108' title='bbox 914 1608 997 1674; x_wconf 89' lang='lat' dir='ltr'>laico</span> <span class='ocrx_word' id='word_1_109' title='bbox 1031 1610 1100 1675; x_wconf 87' lang='lat' dir='ltr'>sive</span> <span class='ocrx_word' id='word_1_110' title='bbox 1138 1609 1257 1675; x_wconf 89' lang='lat' dir='ltr'>clerico</span> <span class='ocrx_word' id='word_1_111' title='bbox 1291 1609 1418 1674; x_wconf 83' lang='lat' dir='ltr'>veritas</span> 
     </span>
     <span class='ocr_line' id='line_1_14' title="bbox 121 1711 1418 1802; baseline -0.002 -18"><span class='ocrx_word' id='word_1_112' title='bbox 121 1716 261 1784; x_wconf 89' lang='lat' dir='ltr'>dicenda</span> <span class='ocrx_word' id='word_1_113' title='bbox 290 1724 323 1780; x_wconf 91' lang='lat' dir='ltr'>et</span> <span class='ocrx_word' id='word_1_114' title='bbox 344 1712 523 1779; x_wconf 90' lang='lat' dir='ltr'>intimanda</span> <span class='ocrx_word' id='word_1_115' title='bbox 545 1721 604 1796; x_wconf 88' lang='lat' dir='ltr'>est,</span> <span class='ocrx_word' id='word_1_116' title='bbox 637 1722 670 1778; x_wconf 93' lang='lat' dir='ltr'>et</span> <span class='ocrx_word' id='word_1_117' title='bbox 702 1711 787 1777; x_wconf 90' lang='lat' dir='ltr'>mala</span> <span class='ocrx_word' id='word_1_118' title='bbox 809 1713 949 1778; x_wconf 86' lang='lat' dir='ltr'>invicem</span> <span class='ocrx_word' id='word_1_119' title='bbox 984 1713 1195 1802; x_wconf 88' lang='lat' dir='ltr'>proponenda</span> <span class='ocrx_word' id='word_1_120' title='bbox 1228 1735 1271 1778; x_wconf 90' lang='lat' dir='ltr'>ex</span> <span class='ocrx_word' id='word_1_121' title='bbox 1293 1712 1418 1801; x_wconf 84' lang='lat' dir='ltr'>obliga·</span> 
     </span>
     <span class='ocr_line' id='line_1_15' title="bbox 119 1815 1418 1907; baseline -0.002 -19"><span class='ocrx_word' id='word_1_122' title='bbox 119 1824 208 1889; x_wconf 88' lang='lat' dir='ltr'>tione</span> <span class='ocrx_word' id='word_1_123' title='bbox 230 1820 396 1886; x_wconf 86' lang='lat' dir='ltr'>charitatis</span> <span class='ocrx_word' id='word_1_124' title='bbox 418 1819 622 1884; x_wconf 76' lang='lat' dir='ltr'>christianae.</span> <span class='ocrx_word' id='word_1_125' title='bbox 670 1815 762 1898; x_wconf 76' lang='lat' dir='ltr'>Quae</span> <span class='ocrx_word' id='word_1_126' title='bbox 782 1819 882 1902; x_wconf 84' lang='lat' dir='ltr'>igitur</span> <span class='ocrx_word' id='word_1_127' title='bbox 904 1827 978 1883; x_wconf 90' lang='lat' dir='ltr'>sunt</span> <span class='ocrx_word' id='word_1_128' title='bbox 1002 1818 1097 1895; x_wconf 90' lang='lat' dir='ltr'>mala,</span> <span class='ocrx_word' id='word_1_129' title='bbox 1120 1818 1208 1906; x_wconf 90' lang='lat' dir='ltr'>apud</span> <span class='ocrx_word' id='word_1_130' title='bbox 1226 1817 1305 1902; x_wconf 87' lang='lat' dir='ltr'>Vos,</span> <span class='ocrx_word' id='word_1_131' title='bbox 1332 1818 1418 1907; x_wconf 87' lang='lat' dir='ltr'>quod</span> 
     </span>
     <span class='ocr_line' id='line_1_16' title="bbox 121 1921 1419 2011; baseline -0.003 -18"><span class='ocrx_word' id='word_1_132' title='bbox 121 1927 268 1994; x_wconf 90' lang='lat' dir='ltr'>homines</span> <span class='ocrx_word' id='word_1_133' title='bbox 289 1946 355 1989; x_wconf 89' lang='lat' dir='ltr'>non</span> <span class='ocrx_word' id='word_1_134' title='bbox 376 1923 543 2011; x_wconf 88' lang='lat' dir='ltr'>recipiant,</span> <span class='ocrx_word' id='word_1_135' title='bbox 567 1921 625 1987; x_wconf 90' lang='lat' dir='ltr'>sed</span> <span class='ocrx_word' id='word_1_136' title='bbox 647 1943 706 2009; x_wconf 88' lang='lat' dir='ltr'>pro</span> <span class='ocrx_word' id='word_1_137' title='bbox 718 1923 882 2009; x_wconf 87' lang='lat' dir='ltr'>perversis</span> <span class='ocrx_word' id='word_1_138' title='bbox 904 1921 978 1988; x_wconf 91' lang='lat' dir='ltr'>illos</span> <span class='ocrx_word' id='word_1_139' title='bbox 1001 1921 1151 1992; x_wconf 85' lang='lat' dir='ltr'>habeant.</span> <span class='ocrx_word' id='word_1_140' title='bbox 1181 1922 1226 1988; x_wconf 83' lang='lat' dir='ltr'>Et</span> <span class='ocrx_word' id='word_1_141' title='bbox 1247 1944 1321 2007; x_wconf 81' lang='lat' dir='ltr'>ego,</span> <span class='ocrx_word' id='word_1_142' title='bbox 1347 1943 1419 1989; x_wconf 89' lang='lat' dir='ltr'>cum</span> 
     </span>
     <span class='ocr_line' id='line_1_17' title="bbox 121 2026 1419 2114; baseline -0.004 -17"><span class='ocrx_word' id='word_1_143' title='bbox 121 2029 254 2114; x_wconf 88' lang='lat' dir='ltr'>eisdem,</span> <span class='ocrx_word' id='word_1_144' title='bbox 277 2028 406 2095; x_wconf 88' lang='lat' dir='ltr'>domine</span> <span class='ocrx_word' id='word_1_145' title='bbox 421 2026 672 2110; x_wconf 89' lang='lat' dir='ltr'>administrator,</span> <span class='ocrx_word' id='word_1_146' title='bbox 696 2048 769 2091; x_wconf 91' lang='lat' dir='ltr'>cum</span> <span class='ocrx_word' id='word_1_147' title='bbox 784 2026 857 2092; x_wconf 88' lang='lat' dir='ltr'>ahie</span> <span class='ocrx_word' id='word_1_148' title='bbox 872 2027 1024 2114; x_wconf 88' lang='lat' dir='ltr'>praelatis</span> <span class='ocrx_word' id='word_1_149' title='bbox 1037 2032 1146 2093; x_wconf 88' lang='lat' dir='ltr'>co&#39;ram</span> <span class='ocrx_word' id='word_1_150' title='bbox 1160 2026 1264 2094; x_wconf 80' lang='lat' dir='ltr'>Vobis</span> <span class='ocrx_word' id='word_1_151' title='bbox 1279 2028 1419 2095; x_wconf 85' lang='lat' dir='ltr'>reticere</span> 
     </span>
     <span class='ocr_line' id='line_1_18' title="bbox 121 2131 1418 2223; baseline -0.002 -22"><span class='ocrx_word' id='word_1_152' title='bbox 121 2156 257 2223; x_wconf 83' lang='lat' dir='ltr'>nequeo,</span> <span class='ocrx_word' id='word_1_153' title='bbox 287 2132 351 2198; x_wconf 89' lang='lat' dir='ltr'>sed</span> <span class='ocrx_word' id='word_1_154' title='bbox 372 2154 496 2218; x_wconf 86' lang='lat' dir='ltr'>precor,</span> <span class='ocrx_word' id='word_1_155' title='bbox 531 2132 662 2196; x_wconf 86' lang='lat' dir='ltr'>sufferte</span> <span class='ocrx_word' id='word_1_156' title='bbox 683 2153 735 2196; x_wconf 91' lang='lat' dir='ltr'>me</span> <span class='ocrx_word' id='word_1_157' title='bbox 770 2141 802 2196; x_wconf 89' lang='lat' dir='ltr'>et</span> <span class='ocrx_word' id='word_1_158' title='bbox 823 2131 954 2218; x_wconf 89' lang='lat' dir='ltr'>audite;</span> <span class='ocrx_word' id='word_1_159' title='bbox 989 2154 1065 2198; x_wconf 90' lang='lat' dir='ltr'>nam</span> <span class='ocrx_word' id='word_1_160' title='bbox 1088 2134 1298 2218; x_wconf 83' lang='lat' dir='ltr'>magistratus</span> <span class='ocrx_word' id='word_1_161' title='bbox 1330 2134 1418 2221; x_wconf 88' lang='lat' dir='ltr'>estis,</span> 
     </span>
     <span class='ocr_line' id='line_1_19' title="bbox 122 2236 1418 2327; baseline -0.002 -21"><span class='ocrx_word' id='word_1_162' title='bbox 122 2236 282 2327; x_wconf 85' lang='lat' dir='ltr'>scriptura</span> <span class='ocrx_word' id='word_1_163' title='bbox 302 2259 381 2305; x_wconf 88' lang='lat' dir='ltr'>vero</span> <span class='ocrx_word' id='word_1_164' title='bbox 404 2237 502 2302; x_wconf 88' lang='lat' dir='ltr'>dicit:</span> <span class='ocrx_word' id='word_1_165' title='bbox 536 2237 673 2302; x_wconf 88' lang='lat' dir='ltr'>scientia</span> <span class='ocrx_word' id='word_1_166' title='bbox 692 2237 756 2302; x_wconf 87' lang='lat' dir='ltr'>viri</span> <span class='ocrx_word' id='word_1_167' title='bbox 790 2258 849 2323; x_wconf 88' lang='lat' dir='ltr'>per</span> <span class='ocrx_word' id='word_1_168' title='bbox 880 2237 1069 2327; x_wconf 89' lang='lat' dir='ltr'>patientiam</span> <span class='ocrx_word' id='word_1_169' title='bbox 1102 2237 1307 2324; x_wconf 78' lang='lat' dir='ltr'>agnoscitur3</span> <span class='ocrx_word' id='word_1_170' title='bbox 1342 2258 1418 2326; x_wconf 84' lang='lat' dir='ltr'>ergo</span> 
     </span>
     <span class='ocr_line' id='line_1_20' title="bbox 121 2338 1419 2435; baseline -0.002 -24"><span class='ocrx_word' id='word_1_171' title='bbox 121 2367 181 2435; x_wconf 88' lang='lat' dir='ltr'>per</span> <span class='ocrx_word' id='word_1_172' title='bbox 201 2342 436 2433; x_wconf 85' lang='lat' dir='ltr'>impatientiam</span> <span class='ocrx_word' id='word_1_173' title='bbox 456 2339 645 2429; x_wconf 84' lang='lat' dir='ltr'>insipientia</span> <span class='ocrx_word' id='word_1_174' title='bbox 677 2349 711 2403; x_wconf 90' lang='lat' dir='ltr'>et</span> <span class='ocrx_word' id='word_1_175' title='bbox 730 2339 861 2406; x_wconf 86' lang='lat' dir='ltr'>fatuitas</span> <span class='ocrx_word' id='word_1_176' title='bbox 884 2338 1064 2407; x_wconf 88' lang='lat' dir='ltr'>exhibetur.</span> <span class='ocrx_word' id='word_1_177' title='bbox 1107 2340 1218 2408; x_wconf 90' lang='lat' dir='ltr'>Primo</span> <span class='ocrx_word' id='word_1_178' title='bbox 1245 2342 1419 2409; x_wconf 89' lang='lat' dir='ltr'>considers</span> 
     </span>
     <span class='ocr_line' id='line_1_21' title="bbox 123 2444 1413 2536; baseline -0.001 -21"><span class='ocrx_word' id='word_1_179' title='bbox 123 2450 279 2536; x_wconf 84' lang='lat' dir='ltr'>magister</span> <span class='ocrx_word' id='word_1_180' title='bbox 302 2445 406 2530; x_wconf 80' lang='lat' dir='ltr'>Galle,</span> <span class='ocrx_word' id='word_1_181' title='bbox 431 2466 494 2534; x_wconf 89' lang='lat' dir='ltr'>qua</span> <span class='ocrx_word' id='word_1_182' title='bbox 517 2447 698 2529; x_wconf 88' lang='lat' dir='ltr'>occasione,</span> <span class='ocrx_word' id='word_1_183' title='bbox 722 2444 818 2511; x_wconf 90' lang='lat' dir='ltr'>modo</span> <span class='ocrx_word' id='word_1_184' title='bbox 842 2454 874 2510; x_wconf 90' lang='lat' dir='ltr'>et</span> <span class='ocrx_word' id='word_1_185' title='bbox 895 2468 994 2513; x_wconf 89' lang='lat' dir='ltr'>causa</span> <span class='ocrx_word' id='word_1_186' title='bbox 1003 2448 1183 2536; x_wconf 85' lang='lat' dir='ltr'>pervenisti</span> <span class='ocrx_word' id='word_1_187' title='bbox 1204 2448 1240 2511; x_wconf 90' lang='lat' dir='ltr'>in</span> <span class='ocrx_word' id='word_1_188' title='bbox 1261 2445 1327 2512; x_wconf 91' lang='lat' dir='ltr'>hoc</span> <span class='ocrx_word' id='word_1_189' title='bbox 1353 2448 1413 2514; x_wconf 69' lang='lat' dir='ltr'>effi</span> 
     </span>
     <span class='ocr_line' id='line_1_22' title="bbox 123 2547 1414 2639; baseline -0.002 -19"><span class='ocrx_word' id='word_1_190' title='bbox 123 2556 210 2621; x_wconf 70' lang='lat' dir='ltr'>mum</span> <span class='ocrx_word' id='word_1_191' title='bbox 231 2550 511 2634; x_wconf 88' lang='lat' dir='ltr'>administratoris,</span> <span class='ocrx_word' id='word_1_192' title='bbox 535 2552 704 2616; x_wconf 88' lang='lat' dir='ltr'>sincerane</span> <span class='ocrx_word' id='word_1_193' title='bbox 725 2560 842 2629; x_wconf 88' lang='lat' dir='ltr'>mente,</span> <span class='ocrx_word' id='word_1_194' title='bbox 868 2560 900 2617; x_wconf 87' lang='lat' dir='ltr'>et</span> <span class='ocrx_word' id='word_1_195' title='bbox 921 2573 980 2639; x_wconf 90' lang='lat' dir='ltr'>per</span> <span class='ocrx_word' id='word_1_196' title='bbox 1000 2547 1087 2617; x_wconf 84' lang='lat' dir='ltr'>fores</span> <span class='ocrx_word' id='word_1_197' title='bbox 1109 2573 1217 2629; x_wconf 85' lang='lat' dir='ltr'>veras,</span> <span class='ocrx_word' id='word_1_198' title='bbox 1240 2573 1301 2638; x_wconf 91' lang='lat' dir='ltr'>per</span> <span class='ocrx_word' id='word_1_199' title='bbox 1325 2550 1414 2618; x_wconf 81' lang='lat' dir='ltr'>Chri·</span> 
     </span>
     <span class='ocr_line' id='line_1_23' title="bbox 124 2654 1417 2746; baseline -0.001 -22"><span class='ocrx_word' id='word_1_200' title='bbox 124 2667 219 2741; x_wconf 88' lang='lat' dir='ltr'>stum,</span> <span class='ocrx_word' id='word_1_201' title='bbox 241 2665 298 2723; x_wconf 89' lang='lat' dir='ltr'>aut</span> <span class='ocrx_word' id='word_1_202' title='bbox 319 2654 455 2722; x_wconf 91' lang='lat' dir='ltr'>subdole</span> <span class='ocrx_word' id='word_1_203' title='bbox 479 2665 511 2722; x_wconf 89' lang='lat' dir='ltr'>et</span> <span class='ocrx_word' id='word_1_204' title='bbox 532 2655 592 2722; x_wconf 89' lang='lat' dir='ltr'>sub</span> <span class='ocrx_word' id='word_1_205' title='bbox 615 2655 755 2742; x_wconf 90' lang='lat' dir='ltr'>quodam</span> <span class='ocrx_word' id='word_1_206' title='bbox 777 2665 958 2746; x_wconf 83' lang='lat' dir='ltr'>praetentu.</span> <span class='ocrx_word' id='word_1_207' title='bbox 1003 2655 1196 2722; x_wconf 79' lang='lat' dir='ltr'>consideret</span> <span class='ocrx_word' id='word_1_208' title='bbox 1217 2656 1305 2722; x_wconf 87' lang='lat' dir='ltr'>haee</span> <span class='ocrx_word' id='word_1_209' title='bbox 1322 2657 1417 2724; x_wconf 88' lang='lat' dir='ltr'>homo</span> 
     </span>
     <span class='ocr_line' id='line_1_24' title="bbox 122 2760 1418 2850; baseline 0.002 -22"><span class='ocrx_word' id='word_1_210' title='bbox 122 2762 229 2828; x_wconf 88' lang='lat' dir='ltr'>fidelis</span> <span class='ocrx_word' id='word_1_211' title='bbox 252 2770 285 2828; x_wconf 90' lang='lat' dir='ltr'>et</span> <span class='ocrx_word' id='word_1_212' title='bbox 306 2760 495 2850; x_wconf 86' lang='lat' dir='ltr'>perpendat.</span> <span class='ocrx_word' id='word_1_213' title='bbox 539 2761 612 2827; x_wconf 83' lang='lat' dir='ltr'>Non</span> <span class='ocrx_word' id='word_1_214' title='bbox 635 2761 731 2850; x_wconf 90' lang='lat' dir='ltr'>culpo</span> <span class='ocrx_word' id='word_1_215' title='bbox 763 2760 818 2828; x_wconf 89' lang='lat' dir='ltr'>hic</span> <span class='ocrx_word' id='word_1_216' title='bbox 839 2761 987 2828; x_wconf 89' lang='lat' dir='ltr'>dominos</span> <span class='ocrx_word' id='word_1_217' title='bbox 1009 2760 1122 2827; x_wconf 88' lang='lat' dir='ltr'>fideles</span> <span class='ocrx_word' id='word_1_218' title='bbox 1145 2761 1188 2826; x_wconf 91' lang='lat' dir='ltr'>de</span> <span class='ocrx_word' id='word_1_219' title='bbox 1209 2762 1299 2827; x_wconf 86' lang='lat' dir='ltr'>omni</span> <span class='ocrx_word' id='word_1_220' title='bbox 1322 2772 1418 2846; x_wconf 85' lang='lat' dir='ltr'>statu,</span> 
     </span>
     <span class='ocr_line' id='line_1_25' title="bbox 125 2864 1420 2956; baseline -0.001 -22"><span class='ocrx_word' id='word_1_221' title='bbox 125 2867 212 2956; x_wconf 91' lang='lat' dir='ltr'>quod</span> <span class='ocrx_word' id='word_1_222' title='bbox 233 2866 383 2934; x_wconf 90' lang='lat' dir='ltr'>debono</span> <span class='ocrx_word' id='word_1_223' title='bbox 404 2867 523 2950; x_wconf 87' lang='lat' dir='ltr'>animo,</span> <span class='ocrx_word' id='word_1_224' title='bbox 557 2874 590 2932; x_wconf 90' lang='lat' dir='ltr'>et</span> <span class='ocrx_word' id='word_1_225' title='bbox 609 2889 669 2955; x_wconf 91' lang='lat' dir='ltr'>per</span> <span class='ocrx_word' id='word_1_226' title='bbox 689 2867 775 2933; x_wconf 87' lang='lat' dir='ltr'>fores</span> <span class='ocrx_word' id='word_1_227' title='bbox 808 2869 917 2949; x_wconf 85' lang='lat' dir='ltr'>etvia</span> <span class='ocrx_word' id='word_1_228' title='bbox 942 2874 1032 2932; x_wconf 88' lang='lat' dir='ltr'>recta</span> <span class='ocrx_word' id='word_1_229' title='bbox 1061 2875 1093 2930; x_wconf 90' lang='lat' dir='ltr'>te</span> <span class='ocrx_word' id='word_1_230' title='bbox 1115 2864 1156 2931; x_wconf 89' lang='lat' dir='ltr'>ad</span> <span class='ocrx_word' id='word_1_231' title='bbox 1190 2865 1335 2932; x_wconf 91' lang='lat' dir='ltr'>officium</span> <span class='ocrx_word' id='word_1_232' title='bbox 1359 2868 1420 2935; x_wconf 91' lang='lat' dir='ltr'>hoc</span> 
     </span>
     <span class='ocr_line' id='line_1_26' title="bbox 125 2970 1418 3061; baseline 0 -22"><span class='ocrx_word' id='word_1_233' title='bbox 125 2972 291 3061; x_wconf 75' lang='lat' dir='ltr'>elegerint,</span> <span class='ocrx_word' id='word_1_234' title='bbox 322 2972 382 3039; x_wconf 90' lang='lat' dir='ltr'>sub</span> <span class='ocrx_word' id='word_1_235' title='bbox 405 2971 509 3039; x_wconf 86' lang='lat' dir='ltr'>forma</span> <span class='ocrx_word' id='word_1_236' title='bbox 531 2993 651 3060; x_wconf 89' lang='lat' dir='ltr'>nempe</span> <span class='ocrx_word' id='word_1_237' title='bbox 674 2981 706 3037; x_wconf 92' lang='lat' dir='ltr'>et</span> <span class='ocrx_word' id='word_1_238' title='bbox 728 2973 839 3060; x_wconf 88' lang='lat' dir='ltr'>specie</span> <span class='ocrx_word' id='word_1_239' title='bbox 860 2974 931 3039; x_wconf 87' lang='lat' dir='ltr'>ovis</span> <span class='ocrx_word' id='word_1_240' title='bbox 954 2970 1066 3059; x_wconf 89' lang='lat' dir='ltr'>lupum</span> <span class='ocrx_word' id='word_1_241' title='bbox 1099 2992 1171 3036; x_wconf 88' lang='lat' dir='ltr'>esse</span> <span class='ocrx_word' id='word_1_242' title='bbox 1203 2991 1270 3036; x_wconf 92' lang='lat' dir='ltr'>non</span> <span class='ocrx_word' id='word_1_243' title='bbox 1299 2994 1418 3059; x_wconf 83' lang='lat' dir='ltr'>agnos-</span> 
     </span>
     <span class='ocr_line' id='line_1_27' title="bbox 126 3074 1420 3166; baseline -0.001 -21"><span class='ocrx_word' id='word_1_244' title='bbox 126 3087 258 3163; x_wconf 83' lang='lat' dir='ltr'>centes3</span> <span class='ocrx_word' id='word_1_245' title='bbox 282 3078 360 3165; x_wconf 88' lang='lat' dir='ltr'>quia</span> <span class='ocrx_word' id='word_1_246' title='bbox 379 3079 414 3142; x_wconf 90' lang='lat' dir='ltr'>in</span> <span class='ocrx_word' id='word_1_247' title='bbox 436 3076 612 3144; x_wconf 78' lang='lat' dir='ltr'>Germania</span> <span class='ocrx_word' id='word_1_248' title='bbox 633 3077 720 3166; x_wconf 92' lang='lat' dir='ltr'>apud</span> <span class='ocrx_word' id='word_1_249' title='bbox 741 3078 919 3144; x_wconf 87' lang='lat' dir='ltr'>Lutherum</span> <span class='ocrx_word' id='word_1_250' title='bbox 942 3078 1049 3143; x_wconf 87' lang='lat' dir='ltr'>virum</span> <span class='ocrx_word' id='word_1_251' title='bbox 1080 3074 1210 3141; x_wconf 88' lang='lat' dir='ltr'>fidelem</span> <span class='ocrx_word' id='word_1_252' title='bbox 1233 3085 1265 3141; x_wconf 89' lang='lat' dir='ltr'>et</span> <span class='ocrx_word' id='word_1_253' title='bbox 1287 3076 1420 3144; x_wconf 89' lang='lat' dir='ltr'>doctum</span> 
     </span>
     <span class='ocr_line' id='line_1_28' title="bbox 127 3180 1420 3270; baseline -0.001 -21"><span class='ocrx_word' id='word_1_254' title='bbox 127 3184 163 3249; x_wconf 91' lang='lat' dir='ltr'>in</span> <span class='ocrx_word' id='word_1_255' title='bbox 185 3205 279 3248; x_wconf 88' lang='lat' dir='ltr'>sacra</span> <span class='ocrx_word' id='word_1_256' title='bbox 300 3183 461 3270; x_wconf 87' lang='lat' dir='ltr'>scriptura</span> <span class='ocrx_word' id='word_1_257' title='bbox 481 3191 624 3248; x_wconf 89' lang='lat' dir='ltr'>moratus</span> <span class='ocrx_word' id='word_1_258' title='bbox 657 3182 758 3267; x_wconf 84' lang='lat' dir='ltr'>firisti,</span> <span class='ocrx_word' id='word_1_259' title='bbox 797 3180 1088 3265; x_wconf 82' lang='lat' dir='ltr'>abindereversus</span> <span class='ocrx_word' id='word_1_260' title='bbox 1122 3183 1250 3269; x_wconf 90' lang='lat' dir='ltr'>saepius</span> <span class='ocrx_word' id='word_1_261' title='bbox 1280 3189 1314 3248; x_wconf 89' lang='lat' dir='ltr'>et</span> <span class='ocrx_word' id='word_1_262' title='bbox 1336 3181 1420 3255; x_wconf 86' lang='lat' dir='ltr'>forte</span> 
     </span>
     <span class='ocr_line' id='line_1_29' title="bbox 127 3286 1419 3377; baseline -0.001 -23"><span class='ocrx_word' id='word_1_263' title='bbox 127 3287 271 3376; x_wconf 86' lang='lat' dir='ltr'>quotidie</span> <span class='ocrx_word' id='word_1_264' title='bbox 293 3287 327 3350; x_wconf 93' lang='lat' dir='ltr'>in</span> <span class='ocrx_word' id='word_1_265' title='bbox 351 3287 562 3355; x_wconf 80' lang='lat' dir='ltr'>concionibus</span> <span class='ocrx_word' id='word_1_266' title='bbox 577 3286 766 3355; x_wconf 86' lang='lat' dir='ltr'>adhortatus</span> <span class='ocrx_word' id='word_1_267' title='bbox 788 3287 888 3372; x_wconf 85' lang='lat' dir='ltr'>fuisti,</span> <span class='ocrx_word' id='word_1_268' title='bbox 910 3296 947 3353; x_wconf 90' lang='lat' dir='ltr'>ut</span> <span class='ocrx_word' id='word_1_269' title='bbox 961 3286 1099 3377; x_wconf 89' lang='lat' dir='ltr'>populus</span> <span class='ocrx_word' id='word_1_270' title='bbox 1114 3286 1294 3352; x_wconf 89' lang='lat' dir='ltr'>Dominum</span> <span class='ocrx_word' id='word_1_271' title='bbox 1308 3287 1419 3353; x_wconf 89' lang='lat' dir='ltr'>Deum</span> 
     </span>
     <span class='ocr_line' id='line_1_30' title="bbox 124 3389 1419 3482; baseline -0.001 -23"><span class='ocrx_word' id='word_1_272' title='bbox 124 3415 184 3482; x_wconf 90' lang='lat' dir='ltr'>pro</span> <span class='ocrx_word' id='word_1_273' title='bbox 207 3393 338 3459; x_wconf 89' lang='lat' dir='ltr'>doctore</span> <span class='ocrx_word' id='word_1_274' title='bbox 359 3392 509 3476; x_wconf 86' lang='lat' dir='ltr'>Martiae,</span> <span class='ocrx_word' id='word_1_275' title='bbox 544 3395 615 3461; x_wconf 88' lang='lat' dir='ltr'>viro</span> <span class='ocrx_word' id='word_1_276' title='bbox 649 3395 805 3481; x_wconf 90' lang='lat' dir='ltr'>aspiritu</span> <span class='ocrx_word' id='word_1_277' title='bbox 835 3402 956 3476; x_wconf 87' lang='lat' dir='ltr'>sancto,</span> <span class='ocrx_word' id='word_1_278' title='bbox 989 3395 1024 3458; x_wconf 93' lang='lat' dir='ltr'>in</span> <span class='ocrx_word' id='word_1_279' title='bbox 1047 3391 1198 3479; x_wconf 81' lang='lat' dir='ltr'>dogmate</span> <span class='ocrx_word' id='word_1_280' title='bbox 1230 3389 1314 3476; x_wconf 83' lang='lat' dir='ltr'>legis</span> <span class='ocrx_word' id='word_1_281' title='bbox 1337 3390 1419 3458; x_wconf 82' lang='lat' dir='ltr'>divi·</span> 
     </span>
     <span class='ocr_line' id='line_1_31' title="bbox 127 3494 1420 3587; baseline -0.004 -21"><span class='ocrx_word' id='word_1_282' title='bbox 127 3520 191 3565; x_wconf 85' lang='lat' dir='ltr'>nae</span> <span class='ocrx_word' id='word_1_283' title='bbox 213 3508 245 3566; x_wconf 87' lang='lat' dir='ltr'>et</span> <span class='ocrx_word' id='word_1_284' title='bbox 267 3520 379 3564; x_wconf 86' lang='lat' dir='ltr'>sacrae</span> <span class='ocrx_word' id='word_1_285' title='bbox 402 3500 581 3587; x_wconf 89' lang='lat' dir='ltr'>scripturae</span> <span class='ocrx_word' id='word_1_286' title='bbox 602 3499 762 3567; x_wconf 87' lang='lat' dir='ltr'>illustrato</span> <span class='ocrx_word' id='word_1_287' title='bbox 786 3507 915 3582; x_wconf 76' lang='lat' dir='ltr'>exoret,</span> <span class='ocrx_word' id='word_1_288' title='bbox 929 3518 1090 3580; x_wconf 87' lang='lat' dir='ltr'>asserens,</span> <span class='ocrx_word' id='word_1_289' title='bbox 1113 3495 1200 3585; x_wconf 92' lang='lat' dir='ltr'>quod</span> <span class='ocrx_word' id='word_1_290' title='bbox 1222 3517 1242 3561; x_wconf 90' lang='lat' dir='ltr'>a</span> <span class='ocrx_word' id='word_1_291' title='bbox 1262 3494 1337 3561; x_wconf 91' lang='lat' dir='ltr'>Deo</span> <span class='ocrx_word' id='word_1_292' title='bbox 1361 3516 1420 3584; x_wconf 90' lang='lat' dir='ltr'>pro</span> 
     </span>
     <span class='ocr_line' id='line_1_32' title="bbox 94 3599 1420 3691; baseline -0.002 -22"><span class='ocrx_word' id='word_1_293' title='bbox 94 3670 98 3679; x_wconf 81' lang='grc'>,</span> <span class='ocrx_word' id='word_1_294' title='bbox 128 3603 232 3670; x_wconf 73' lang='lat' dir='ltr'>salmo</span> <span class='ocrx_word' id='word_1_295' title='bbox 254 3601 396 3670; x_wconf 88' lang='lat' dir='ltr'>humana</span> <span class='ocrx_word' id='word_1_296' title='bbox 419 3605 539 3671; x_wconf 85' lang='lat' dir='ltr'>electus</span> <span class='ocrx_word' id='word_1_297' title='bbox 574 3605 734 3671; x_wconf 89' lang='lat' dir='ltr'>etmissus</span> <span class='ocrx_word' id='word_1_298' title='bbox 757 3604 863 3687; x_wconf 80' lang='lat' dir='ltr'>firerit,</span> <span class='ocrx_word' id='word_1_299' title='bbox 887 3612 920 3669; x_wconf 91' lang='lat' dir='ltr'>et</span> <span class='ocrx_word' id='word_1_300' title='bbox 942 3601 1028 3691; x_wconf 93' lang='lat' dir='ltr'>quod</span> <span class='ocrx_word' id='word_1_301' title='bbox 1050 3600 1227 3668; x_wconf 89' lang='lat' dir='ltr'>notabilem</span> <span class='ocrx_word' id='word_1_302' title='bbox 1237 3599 1420 3687; x_wconf 81' lang='lat' dir='ltr'>profectum</span> 
     </span>
     <span class='ocr_line' id='line_1_33' title="bbox 128 3705 1419 3797; baseline -0.003 -24"><span class='ocrx_word' id='word_1_303' title='bbox 128 3730 188 3797; x_wconf 89' lang='lat' dir='ltr'>per</span> <span class='ocrx_word' id='word_1_304' title='bbox 220 3709 291 3797; x_wconf 87' lang='lat' dir='ltr'>ejus</span> <span class='ocrx_word' id='word_1_305' title='bbox 319 3731 491 3796; x_wconf 88' lang='lat' dir='ltr'>personam</span> <span class='ocrx_word' id='word_1_306' title='bbox 524 3718 645 3776; x_wconf 87' lang='lat' dir='ltr'>causet.</span> <span class='ocrx_word' id='word_1_307' title='bbox 687 3708 815 3776; x_wconf 90' lang='lat' dir='ltr'>Ibidem</span> <span class='ocrx_word' id='word_1_308' title='bbox 836 3707 1094 3794; x_wconf 83' lang='lat' dir='ltr'>Wittembergae</span> <span class='ocrx_word' id='word_1_309' title='bbox 1127 3706 1171 3772; x_wconf 88' lang='lat' dir='ltr'>ad</span> <span class='ocrx_word' id='word_1_310' title='bbox 1203 3727 1304 3771; x_wconf 89' lang='lat' dir='ltr'>unum</span> <span class='ocrx_word' id='word_1_311' title='bbox 1341 3705 1419 3783; x_wconf 87' lang='lat' dir='ltr'>anni</span> 
     </span>
     <span class='ocr_line' id='line_1_34' title="bbox 129 3800 1419 3902; baseline -0.002 -24"><span class='ocrx_word' id='word_1_312' title='bbox 129 3810 341 3900; x_wconf 87' lang='lat' dir='ltr'>quadrantem</span> <span class='ocrx_word' id='word_1_313' title='bbox 378 3822 520 3880; x_wconf 89' lang='lat' dir='ltr'>moratus</span> <span class='ocrx_word' id='word_1_314' title='bbox 552 3814 659 3899; x_wconf 76' lang='lat' dir='ltr'>haisti,</span> <span class='ocrx_word' id='word_1_315' title='bbox 683 3816 792 3880; x_wconf 91' lang='lat' dir='ltr'>omnia</span> <span class='ocrx_word' id='word_1_316' title='bbox 813 3815 848 3880; x_wconf 90' lang='lat' dir='ltr'>in</span> <span class='ocrx_word' id='word_1_317' title='bbox 880 3813 1066 3902; x_wconf 85' lang='lat' dir='ltr'>praesentia</span> <span class='ocrx_word' id='word_1_318' title='bbox 1102 3810 1230 3877; x_wconf 87' lang='lat' dir='ltr'>illorum</span> <span class='ocrx_word' id='word_1_319' title='bbox 1266 3800 1419 3889; x_wconf 89' lang='lat' dir='ltr'>laudasti,</span> 
     </span>
     <span class='ocr_line' id='line_1_35' title="bbox 129 3916 1419 4008; baseline 0.002 -26"><span class='ocrx_word' id='word_1_320' title='bbox 129 3937 203 3982; x_wconf 90' lang='lat' dir='ltr'>eum</span> <span class='ocrx_word' id='word_1_321' title='bbox 225 3924 399 3988; x_wconf 85' lang='lat' dir='ltr'>veneratus</span> <span class='ocrx_word' id='word_1_322' title='bbox 411 3917 510 4000; x_wconf 84' lang='lat' dir='ltr'>fuisti,</span> <span class='ocrx_word' id='word_1_323' title='bbox 533 3919 569 3983; x_wconf 91' lang='lat' dir='ltr'>in</span> <span class='ocrx_word' id='word_1_324' title='bbox 590 3939 626 3984; x_wconf 90' lang='lat' dir='ltr'>re</span> <span class='ocrx_word' id='word_1_325' title='bbox 642 3917 732 3984; x_wconf 72' lang='lat' dir='ltr'>nialla</span> <span class='ocrx_word' id='word_1_326' title='bbox 752 3916 818 3984; x_wconf 88' lang='lat' dir='ltr'>illis</span> <span class='ocrx_word' id='word_1_327' title='bbox 840 3916 1032 4000; x_wconf 90' lang='lat' dir='ltr'>resistendo,</span> <span class='ocrx_word' id='word_1_328' title='bbox 1054 3937 1116 3982; x_wconf 90' lang='lat' dir='ltr'>nec</span> <span class='ocrx_word' id='word_1_329' title='bbox 1138 3917 1210 3985; x_wconf 90' lang='lat' dir='ltr'>illos</span> <span class='ocrx_word' id='word_1_330' title='bbox 1232 3920 1419 4008; x_wconf 84' lang='lat' dir='ltr'>vituperan-</span> 
     </span>
     <span class='ocr_line' id='line_1_36' title="bbox 128 4008 1419 4110; baseline 0.001 -23"><span class='ocrx_word' id='word_1_331' title='bbox 128 4020 181 4105; x_wconf 93' lang='lat' dir='ltr'>do,</span> <span class='ocrx_word' id='word_1_332' title='bbox 205 4020 292 4110; x_wconf 90' lang='lat' dir='ltr'>quod</span> <span class='ocrx_word' id='word_1_333' title='bbox 327 4021 414 4088; x_wconf 86' lang='lat' dir='ltr'>mala</span> <span class='ocrx_word' id='word_1_334' title='bbox 436 4021 584 4090; x_wconf 90' lang='lat' dir='ltr'>doceant.</span> <span class='ocrx_word' id='word_1_335' title='bbox 627 4022 759 4089; x_wconf 86' lang='lat' dir='ltr'>Abinde</span> <span class='ocrx_word' id='word_1_336' title='bbox 780 4024 816 4088; x_wconf 89' lang='lat' dir='ltr'>in</span> <span class='ocrx_word' id='word_1_337' title='bbox 837 4008 1028 4088; x_wconf 87' lang='lat' dir='ltr'>Bohemiam</span> <span class='ocrx_word' id='word_1_338' title='bbox 1048 4023 1179 4089; x_wconf 88' lang='lat' dir='ltr'>rediens</span> <span class='ocrx_word' id='word_1_339' title='bbox 1200 4020 1288 4107; x_wconf 83' lang='lat' dir='ltr'>idem</span> <span class='ocrx_word' id='word_1_340' title='bbox 1312 4024 1419 4110; x_wconf 86' lang='lat' dir='ltr'>egisti,</span> 
     </span>
     <span class='ocr_line' id='line_1_37' title="bbox 129 4126 1420 4214; baseline -0.001 -21"><span class='ocrx_word' id='word_1_341' title='bbox 129 4126 238 4193; x_wconf 89' lang='lat' dir='ltr'>omnia</span> <span class='ocrx_word' id='word_1_342' title='bbox 260 4148 384 4193; x_wconf 90' lang='lat' dir='ltr'>summe</span> <span class='ocrx_word' id='word_1_343' title='bbox 406 4127 581 4195; x_wconf 90' lang='lat' dir='ltr'>dilaudasti</span> <span class='ocrx_word' id='word_1_344' title='bbox 602 4151 643 4195; x_wconf 93' lang='lat' dir='ltr'>ac</span> <span class='ocrx_word' id='word_1_345' title='bbox 664 4128 849 4212; x_wconf 87' lang='lat' dir='ltr'>aestimasti,</span> <span class='ocrx_word' id='word_1_346' title='bbox 871 4130 937 4193; x_wconf 92' lang='lat' dir='ltr'>imo</span> <span class='ocrx_word' id='word_1_347' title='bbox 960 4137 993 4193; x_wconf 88' lang='lat' dir='ltr'>et</span> <span class='ocrx_word' id='word_1_348' title='bbox 1014 4128 1133 4208; x_wconf 85' lang='lat' dir='ltr'>literas,</span> <span class='ocrx_word' id='word_1_349' title='bbox 1156 4150 1237 4214; x_wconf 88' lang='lat' dir='ltr'>quas</span> <span class='ocrx_word' id='word_1_350' title='bbox 1258 4127 1420 4195; x_wconf 89' lang='lat' dir='ltr'>Martinus</span> 
     </span>
     <span class='ocr_line' id='line_1_38' title="bbox 128 4231 1421 4302; baseline 0 -4"><span class='ocrx_word' id='word_1_351' title='bbox 128 4231 291 4298; x_wconf 87' lang='lat' dir='ltr'>Lutherus</span> <span class='ocrx_word' id='word_1_352' title='bbox 312 4234 347 4299; x_wconf 88' lang='lat' dir='ltr'>in</span> <span class='ocrx_word' id='word_1_353' title='bbox 369 4233 561 4301; x_wconf 90' lang='lat' dir='ltr'>Bohemiam</span> <span class='ocrx_word' id='word_1_354' title='bbox 584 4235 626 4301; x_wconf 90' lang='lat' dir='ltr'>de</span> <span class='ocrx_word' id='word_1_355' title='bbox 649 4235 851 4302; x_wconf 88' lang='lat' dir='ltr'>ordinatione</span> <span class='ocrx_word' id='word_1_356' title='bbox 874 4242 907 4297; x_wconf 89' lang='lat' dir='ltr'>et</span> <span class='ocrx_word' id='word_1_357' title='bbox 932 4235 1108 4300; x_wconf 87' lang='lat' dir='ltr'>directione</span> <span class='ocrx_word' id='word_1_358' title='bbox 1120 4233 1311 4299; x_wconf 90' lang='lat' dir='ltr'>elericorum</span> <span class='ocrx_word' id='word_1_359' title='bbox 1325 4232 1421 4298; x_wconf 90' lang='lat' dir='ltr'>mise·</span> 
     </span>
     <span class='ocr_line' id='line_1_39' title="bbox 129 4338 1420 4427; baseline 0 -25"><span class='ocrx_word' id='word_1_360' title='bbox 129 4345 189 4421; x_wconf 88' lang='lat' dir='ltr'>rat,</span> <span class='ocrx_word' id='word_1_361' title='bbox 212 4338 334 4417; x_wconf 89' lang='lat' dir='ltr'>dicens,</span> <span class='ocrx_word' id='word_1_362' title='bbox 358 4339 445 4427; x_wconf 92' lang='lat' dir='ltr'>quod</span> <span class='ocrx_word' id='word_1_363' title='bbox 467 4340 549 4405; x_wconf 94' lang='lat' dir='ltr'>haec</span> <span class='ocrx_word' id='word_1_364' title='bbox 572 4362 615 4406; x_wconf 88' lang='lat' dir='ltr'>ex</span> <span class='ocrx_word' id='word_1_365' title='bbox 635 4339 801 4407; x_wconf 88' lang='lat' dir='ltr'>voluntate</span> <span class='ocrx_word' id='word_1_366' title='bbox 824 4349 856 4405; x_wconf 89' lang='lat' dir='ltr'>et</span> <span class='ocrx_word' id='word_1_367' title='bbox 868 4339 1046 4406; x_wconf 87' lang='lat' dir='ltr'>directione</span> <span class='ocrx_word' id='word_1_368' title='bbox 1070 4338 1261 4405; x_wconf 88' lang='lat' dir='ltr'>clericorum</span> <span class='ocrx_word' id='word_1_369' title='bbox 1275 4338 1420 4421; x_wconf 87' lang='lat' dir='ltr'>miserat,</span> 
     </span>
     <span class='ocr_line' id='line_1_40' title="bbox 130 4440 1422 4531; baseline -0.001 -24"><span class='ocrx_word' id='word_1_370' title='bbox 130 4440 259 4508; x_wconf 89' lang='lat' dir='ltr'>dicens:</span> <span class='ocrx_word' id='word_1_371' title='bbox 296 4442 383 4531; x_wconf 87' lang='lat' dir='ltr'>quod</span> <span class='ocrx_word' id='word_1_372' title='bbox 413 4444 494 4510; x_wconf 88' lang='lat' dir='ltr'>haee</span> <span class='ocrx_word' id='word_1_373' title='bbox 531 4466 574 4509; x_wconf 83' lang='lat' dir='ltr'>ex</span> <span class='ocrx_word' id='word_1_374' title='bbox 605 4443 772 4511; x_wconf 87' lang='lat' dir='ltr'>voluntate</span> <span class='ocrx_word' id='word_1_375' title='bbox 805 4452 838 4509; x_wconf 90' lang='lat' dir='ltr'>ot</span> <span class='ocrx_word' id='word_1_376' title='bbox 859 4445 995 4511; x_wconf 84' lang='lat' dir='ltr'>consilio</span> <span class='ocrx_word' id='word_1_377' title='bbox 1017 4453 1072 4510; x_wconf 91' lang='lat' dir='ltr'>tuo</span> <span class='ocrx_word' id='word_1_378' title='bbox 1108 4444 1194 4510; x_wconf 89' lang='lat' dir='ltr'>facta</span> <span class='ocrx_word' id='word_1_379' title='bbox 1223 4442 1354 4526; x_wconf 88' lang='lat' dir='ltr'>fuerint,</span> <span class='ocrx_word' id='word_1_380' title='bbox 1391 4449 1422 4509; x_wconf 91' lang='lat' dir='ltr'>et</span> 
     </span>
     <span class='ocr_line' id='line_1_41' title="bbox 130 4536 1420 4637; baseline 0.002 -24"><span class='ocrx_word' id='word_1_381' title='bbox 130 4536 305 4637; x_wconf 87' lang='lat' dir='ltr'>adjuveris,</span> <span class='ocrx_word' id='word_1_382' title='bbox 328 4549 393 4614; x_wconf 90' lang='lat' dir='ltr'>imo</span> <span class='ocrx_word' id='word_1_383' title='bbox 416 4552 575 4637; x_wconf 84' lang='lat' dir='ltr'>coegeris,</span> <span class='ocrx_word' id='word_1_384' title='bbox 598 4556 634 4613; x_wconf 91' lang='lat' dir='ltr'>ut</span> <span class='ocrx_word' id='word_1_385' title='bbox 654 4550 702 4615; x_wconf 87' lang='lat' dir='ltr'>itu</span> <span class='ocrx_word' id='word_1_386' title='bbox 725 4549 854 4617; x_wconf 89' lang='lat' dir='ltr'>scribat.</span> <span class='ocrx_word' id='word_1_387' title='bbox 899 4548 1047 4623; x_wconf 82' lang='lat' dir='ltr'>&#39;landem</span> <span class='ocrx_word' id='word_1_388' title='bbox 1080 4549 1171 4627; x_wconf 90' lang='lat' dir='ltr'>haec,</span> <span class='ocrx_word' id='word_1_389' title='bbox 1195 4557 1228 4613; x_wconf 88' lang='lat' dir='ltr'>et</span> <span class='ocrx_word' id='word_1_390' title='bbox 1248 4547 1313 4614; x_wconf 93' lang='lat' dir='ltr'>alia</span> <span class='ocrx_word' id='word_1_391' title='bbox 1336 4549 1420 4637; x_wconf 84' lang='lat' dir='ltr'>ejus·</span> 
     </span>
     <span class='ocr_line' id='line_1_42' title="bbox 129 4651 1420 4742; baseline -0.002 -23"><span class='ocrx_word' id='word_1_392' title='bbox 129 4651 206 4719; x_wconf 91' lang='lat' dir='ltr'>dem</span> <span class='ocrx_word' id='word_1_393' title='bbox 238 4651 391 4741; x_wconf 84' lang='lat' dir='ltr'>dogmata</span> <span class='ocrx_word' id='word_1_394' title='bbox 422 4675 483 4742; x_wconf 92' lang='lat' dir='ltr'>pro</span> <span class='ocrx_word' id='word_1_395' title='bbox 507 4655 650 4719; x_wconf 88' lang='lat' dir='ltr'>erroneis</span> <span class='ocrx_word' id='word_1_396' title='bbox 673 4663 705 4721; x_wconf 89' lang='lat' dir='ltr'>et</span> <span class='ocrx_word' id='word_1_397' title='bbox 727 4655 900 4721; x_wconf 86' lang='lat' dir='ltr'>haereticis</span> <span class='ocrx_word' id='word_1_398' title='bbox 922 4653 1074 4736; x_wconf 86' lang='lat' dir='ltr'>habuisti,</span> <span class='ocrx_word' id='word_1_399' title='bbox 1114 4652 1352 4741; x_wconf 83' lang='lat' dir='ltr'>depraedicasti</span> <span class='ocrx_word' id='word_1_400' title='bbox 1388 4661 1420 4718; x_wconf 88' lang='lat' dir='ltr'>et</span> 
     </span>
     <span class='ocr_line' id='line_1_43' title="bbox 125 4755 1420 4848; baseline 0.001 -27"><span class='ocrx_word' id='word_1_401' title='bbox 125 4757 332 4845; x_wconf 68' lang='lat' dir='ltr'>abjudicasti,</span> <span class='ocrx_word' id='word_1_402' title='bbox 376 4757 465 4825; x_wconf 84' lang='lat' dir='ltr'>Ante</span> <span class='ocrx_word' id='word_1_403' title='bbox 488 4756 709 4844; x_wconf 84' lang='lat' dir='ltr'>haecomnia,</span> <span class='ocrx_word' id='word_1_404' title='bbox 732 4760 861 4848; x_wconf 90' lang='lat' dir='ltr'>quando</span> <span class='ocrx_word' id='word_1_405' title='bbox 891 4761 1029 4848; x_wconf 88' lang='lat' dir='ltr'>ipsemet</span> <span class='ocrx_word' id='word_1_406' title='bbox 1049 4766 1182 4846; x_wconf 87' lang='lat' dir='ltr'>quartus</span> <span class='ocrx_word' id='word_1_407' title='bbox 1214 4759 1251 4823; x_wconf 92' lang='lat' dir='ltr'>in</span> <span class='ocrx_word' id='word_1_408' title='bbox 1283 4755 1420 4822; x_wconf 89' lang='lat' dir='ltr'>admini-</span> 
     </span>
    </p>
   </div>
   <div class='ocr_carea' id='block_1_5' title="bbox 0 0 1485 5040">
    <p class='ocr_par' dir='ltr' id='par_1_5' title="bbox 0 0 1485 5040">
     <span class='ocr_line' id='line_1_44' title="bbox 0 0 1485 5040; baseline 0 0"><span class='ocrx_word' id='word_1_409' title='bbox 0 0 1485 5040; x_wconf 95' lang='lat' dir='ltr'> </span> 
     </span>
    </p>
   </div>
  </div>
 </body>
</html>
