2948 5040
1233 72 1237 82 ¹
1297 136 1363 219 ns

65 328 183 397 domna
218 328 326 423 image
348 326 471 396 Christi
492 327 640 423 crucifixi
659 328 696 394 in
718 322 854 417 Tempel
876 324 1050 412 nominata,
1072 326 1161 417 picta
1191 322 1262 408 fuit,
1276 346 1279 351 ’
1294 314 1363 391 tum

60 432 169 522 judex
200 434 319 499 sistens
349 418 517 499 admonuit
545 432 629 513 illos,
650 438 688 497 ut
708 431 761 497 hie
784 453 892 501 coram
922 431 1065 523 imagine
1096 432 1184 519 picta
1219 429 1362 511 flectant,
1405 426 1408 433 ’

65 539 152 604 sicut
173 537 230 603 alii
252 536 479 603 malefactores
503 535 563 624 (ita
577 535 656 601 'illos
679 535 837 627 allocutus
858 535 932 624 fuit)
954 534 1062 600 faeere
1097 533 1254 600 solebant.
1283 532 1361 598 Res·

61 639 249 735 ponderant
281 640 348 707 illi:
384 640 470 728 quod
504 658 611 705 coram
632 640 775 726 imagine
806 640 894 733 picta
916 662 980 705 non
1001 628 1143 733 flectent,
1174 637 1232 702 sed
1255 658 1362 702 coram

63 743 135 812 eolo
157 747 254 821 unice
275 742 351 812 viro
372 745 448 811 Deo
469 745 536 828 suo',
559 742 614 833 qui
636 743 781 809 ineoelis
801 753 858 811 est.
902 742 999 809 Dixit
1020 734 1189 832 e'isjudex,
1213 740 1367 830 quamvis,

63 850 192 938 pictura
215 850 267 931 sit,
292 858 354 914 ''est
383 857 495 914 tamen
517 849 645 934 signum
678 847 838 935 passionis
861 844 992 930 Christi,
1017 846 1166 936 'ideoque
1200 836 1362 911 deberetis

63 954 121 1020 hic
142 955 292 1039 flectere,
314 952 364 1018 illi
385 975 463 1018 vero
485 975 689 1041 nequaquam
710 950 893 1035 voluerunt,
916 946 1071 1036 dicentes,
1101 975 1136 1017 se
1158 951 1276 1017 hahere
1299 949 1362 1039 εἰς·Ι

63 1080 144 1123 num
182 1056 432 1126 crucisGhristi
460 1059 495 1122 in
524 1056 622 1123 corde
646 1079 712 1122 suo.
757 1056 812 1121 Ad
846 1056 928 1122 haec
954 1056 1078 1146 judex:
1109 1065 1141 1122 et
1169 1077 1229 1122 vos
1265 1054 1362 1120 etiam

63 1164 173 1230 adhuc
205 1162 300 1228 modo
333 1161 524 1250 blasphema
541 1190 544 1195 ·
559 1150 734 1250 profertis?
768 1160 1018 1249 Responderunt
1050 1161 1115 1227 illit
1150 1158 1273 1226 Saltem
1299 1157 1371 1224 h'ac-

63 1269 178 1335 ultima
209 1268 289 1332 hora
317 1266 411 1332 nobis
427 1250 549 1331 adhue
569 1265 685 1351 favete,
707 1274 753 1331 'ut
767 1267 942 1332 ¹veritatem
976 1265 1065 1354 loqui
1095 1263 1190 1331 nobis
1222 1260 1360 1328 liberum

66 1373 118 1455 sit,
142 1371 229 1459 quia
250 1392 310 1458 pro
332 1371 469 1436 veritate
497 1371 579 1435 mori
601 1369 767 1435 debemus.
812 1369 987 1434 Duxerunt
1009 1391 1086 1456 ergo
1109 1367 1185 1435 illos
1202 1367 1363 1449 ,ulteriust

64 1475 221 1553 Nicolaus
243 1496 322 1541 vero
345 1474 497 1539 continuo
520 1473 769 1549 laetecantavit
783 1474 818 1538 in
841 1471 904 1538 hae
924 1474 988 1555 via,
1022 1482 1054 1539 et
1075 1481 1246 1561 praetcrea
1271 1470 1364 1555 dixit,

64 1579 151 1669 quod
185 1600 296 1645 omnes
329 1589 488 1667 martyres
522 1601 650 1666 semper
682 1580 776 1644 morti
799 1578 908 1643 traditi
929 1566 1203 1667 fuerint'propter
1221 1577 1363 1645 testimo·

62 1687 153 1752 nium
191 1684 323 1750 Christi.
367 1685 454 1749 Dum
478 1705 555 1769 ergo
575 1681 619 1748 ad
652 1705 766 1769 rogum
794 1682 1020 1771 pervenissent
1050 1691 1083 1767 et
1104 1680 1269 1770 apparitor
1292 1685 1363 1771 jam

62 1784 254 1857 tertiariae
275 1788 517 1877 proclamasset,
542 1798 577 1853 ut
599 1797 695 1853 antea
718 1787 839 1853 dictum
862 1788 931 1869 fuit,
955 1797 1032 1855 tune
1043 1788 1118 1854 illos
1133 1796 1213 1853 ante
1243 1788 1362 1855 colum·

15 1876 19 1884 ⁵
53 1916 139 1961 nam
163 1903 195 1959 et
216 1895 391 1980 imaginem
415 1888 537 1959 stantes
560 1892 729 1957 admonuit
751 1892 857 1957 denuo
876 1892 992 1981 judex,
1014 1901 1146 1958 utente
1182 1890 1364 1977 columnam

60 2022 177 2066 versus
200 2000 356 2076 orientem
378 1992 532 2083 flectant;
556 1997 618 2062 hoc
640 1999 756 2062 iterum
780 1997 888 2079 facere
921 1997 1104 2074 noluerunt,
1143 2008 1174 2063 et
1210 1997 1363 2065 Nicolaus
1462 2044 1466 2053 -

61 2102 251 2192 respondit:
275 2102 361 2190 quod
383 2112 594 2190 praeceptum
630 2102 694 2166 Dei
732 2103 783 2182 sit,
817 2125 859 2167 ne
896 2103 1067 2168 simulacro
1090 2124 1161 2175 neo-
1186 2092 1365 2188 creaturae,

52 2230 126 2274 -nec
146 2209 181 2274 in
203 2208 305 2291 coelo,
327 2222 389 2271 nee
425 2208 460 2271 iu
497 2222 583 2273 terra
619 2208 774 2272 existenti
796 2207 957 2272 flectendo
988 2208 1142 2283 honorem
1177 2207 1362 2290 exhibeant,

66 2313 127 2379 sed
148 2312 250 2378 solum
272 2313 380 2378 Deum
395 2312 516 2378 -xivum
538 2311 683 2394 adorent,
707 2320 739 2378 et
756 2312 847 2401 'quod
885 2311 1007 2396 eredat,
1030 2311 1118 2400 quod
1138 2311 1230 2378 Deus
1262 2313 1363 2379 omni·

65 2410 180 2509 potens
211 2439 278 2482 non
313 2425 439 2493 tantum
459 2439 574 2489 ¹uersus
598 2417 764 2503 orientem,
804 2416 982 2483 sedetiam
1016 2440 1134 2483 versus
1161 2417 1362 2500 occidentem

64 2520 156 2605 adsit,
191 2533 223 2587 et
256 2529 421 2605 vertentes¹
455 2544 491 2588 se
527 2520 623 2587 ambo
644 2543 760 2587 versus
794 2522 996 2588 occidentem
1033 2524 1138 2589 versis
1170 2524 1205 2589 in
1234 2523 1362 2589 coelum

62 2611 166 2694 oculis
180 2678 183 2684 .
199 2626 363 2693 humiliter
396 2649 447 2721 se·
464 2627 660 2692 inclinantes
692 2627 866 2697 dixerunt:
900 2616 1083 2713 Dominum
1109 2627 1218 2717 Deum
1237 2618 1240 2623 ¹
1256 2614 1361 2695 solum

60 2731 245 2815 adoramus,
278 2742 311 2798 et
342 2735 377 2799 in
410 2734 541 2797 nomine
572 2733 652 2798 Jesu
685 2733 817 2818 christi,
851 2732 907 2819 qui
930 2755 988 2799 nos
1022 2730 1170 2816 redemit,
1201 2733 1361 2801 flectimus

61 2847 94 2902 et
132 2836 301 2902 flectentes
353 2839 388 2902 in
429 2859 536 2922 genua
573 2859 631 2901 sua
677 2837 775 2902 fidem
820 2837 958 2927 professi
996 2851 1070 2903 sunt
1106 2848 1138 2905 et
1177 2843 1228 2909 ad·
1252 2843 1363 2923 Domi¹

59 2964 141 3008 num
166 2941 283 3006 -Deum
321 2950 510 3025 oraverunt3
534 2941 665 3010 tandem
687 2941 761 3007 vale
792 2941 944 3007 dixerunt
964 2945 1109 3031 prolibus
1140 2949 1216 3030 suis,
1245 2971 1363 3037 nempe

59 3046 119 3114 ille
155 3046 243 3112 filiae
280 3069 360 3112 suae-
395 3056 428 3112 et
465 3048 562 3113 etiam
599 3047 657 3113 illa
671 3086 678 3097 ·
691 3048 777 3114 filiae
815 3071 903 3131 suae,
928 3071 1011 3137 quae
1048 3073 1120 3115 cum
1153 3051 1218 3116 illis
1253 3055 1361 3120 exive-

59 3160 155 3220 rant:
192 3153 288 3235 Eoce,
335 3174 429 3218 carae
461 3153 557 3236 filiae,
595 3156 665 3243 jam
701 3176 758 3220 vos
802 3153 1066 3235 commendamus
1101 3156 1244 3224 Domino
1278 3158 1361 3242 Deo,

60 3260 119 3349 qui
150 3278 210 3324 vos
240 3258 359 3345 dirigat
392 3258 568 3324 secundum
590 3260 788 3325 voluntatem
823 3282 923 3343 suam,
948 3269 979 3325 et
1011 3259 1172 3328 adhortati
1194 3270 1269 3328 sunt
1290 3262 1362 3327 illas

59 3364 104 3430 ad
126 3361 246 3429 bonum
278 3365 348 3429 sine
371 3366 458 3431 omni
479 3376 567 3438 metu
588 3362 630 3431 ad
653 3362 898 3431 admirationem
920 3360 1279 3433 multorum-hominum
1302 3368 1363 3433 ibi·

60 3469 138 3534 dem
159 3471 379 3557 praesentium
401 3478 442 3535 et.
455 3470 663 3554 audientium,
688 3479 719 3536 et
735 3464 818 3535 ‘dum
839 3471 992 3538 Nicolaus
1021 3471 1064 3537 ad
1099 3496 1213 3558 rogum
1249 3496 1363 3561 parve:

60 3575 178 3656 nisset,
192 3573 346 3640 audacter
368 3585 402 3641 et
420 3575 506 3641 laete
519 3577 553 3641 in
568 3575 658 3641 illum
681 3577 837 3660 aseendit,
859 3578 894 3642 in
916 3576 1036 3664 illoque
1059 3587 1147 3642 stans
1184 3586 1216 3642 et
1238 3576 1364 3643 eoelum
1435 3642 1443 3659 x

61 3679 280 3766 conspiciens,
323 3702 440 3768 seque·
464 3680 625 3747 inclinans
671 3681 875 3764 exclamavit,
921 3681 1073 3748 dicens:·
1102 3682 1243 3748 Domine
1282 3683 1362 3771 Jesu

61 3783 202 3861 Christe,
225 3784 291 3850 Fili
312 3784 377 3851 Dei
413 3785 489 3862 vivi,
523 3785 641 3874 quide
663 3787 836 3874 purissima
857 3786 993 3875 Virgine
1015 3789 1105 3853 nasei
1128 3786 1279 3873 dignatus
1302 3787 1362 3853 fui-

63 3891 116 3973 sti,
134 3898 269 3954 mortem
289 3892 394 3955 crucis
416 3913 474 3978 pro
486 3890 538 3956 me
549 3891 667 3957 misero
680 3901 849 3979 peccatore
863 3893 1022 3976 subivisti,
1042 3915 1062 3956 a
1076 3894 1209 3960 mortuis
1221 3916 1362 3959 resurre·

61 3993 151 4076 xisti,
190 3993 246 4059 Te'
261 3994 374 4077 solum,
416 4005 448 4061 et
481 3996 603 4062 nullum
638 3998 736 4063 alium
770 3997 879 4074 adoro,
917 3999 1074 4064 miserere
1110 3999 1196 4081 mei,
1231 3998 1364 4085 ignosce

61 4107 95 4162 et
117 4096 243 4163 dimitte
265 4109 410 4187 peccata.
454 4100 499 4166 Et
519 4100 653 4168 flectens
676 4101 764 4166 clara
784 4122 865 4167 voce
899 4101 1011 4188 lingua
1033 4102 1133 4167 latina
1163 4088 1246 4167 dixit
1278 4102 1364 4167 hunc

59 4224 210 4267 versum:
233 4201 270 4267 In
283 4212 315 4269 te
338 4205 478 4270 Domine
502 4205 640 4294 speravi,
666 4227 731 4270 non
754 4206 933 4272 confundar
947 4209 980 4272 in
1004 4215 1178 4273 aeternum.
1188 4207 1362 4294 Postquam

59 4310 144 4376 haee
180 4308 327 4392 dixisset,
371 4308 499 4375 famuli·
528 4309 689 4375 carnificis
734 4308 926 4375 accedentes
974 4332 1103 4397 rogum,
1149 4310 1240 4377 illum
1283 4311 1363 4396 liga.

65 4423 192 4497 verunt,
205 4423 445 4502 prosternentes
463 4437 536 4479 eum
550 4416 674 4501 inrogo
688 4439 696 4500 ς
709 4414 849 4481 illevero
864 4436 991 4503 semper
1003 4416 1108 4502 magis
1121 4419 1263 4497 cantans,
1274 4414 1362 4502 psal-

65 4541 138 4584 mos
173 4521 227 4606 pie
264 4520 423 4586 recitavit.
468 4519 565 4587 Olera
601 4543 680 4585 vero
714 4542 793 4606 rogo
827 4519 958 4584 adstans
982 4533 1013 4584 et
1049 4519 1173 4602 videns,
1197 4519 1282 4606 quod
1304 4542 1364 4608 po·

65 4622 162 4711 pulus
194 4623 356 4691 Judaeum
387 4624 549 4712 quendam
578 4623 654 4691 hinc
687 4623 764 4690 inde
793 4635 915 4691 trusum
957 4634 1088 4708 vexent,
1130 4625 1234 4690 dixit:
1271 4623 1363 4690 Bone

65 4729 179 4812 Deus,
217 4750 279 4796 nee
314 4728 371 4797 ille
403 4728 548 4799 Judaeus
583 4753 699 4820 paoem
734 4729 854 4798 habore
889 4738 1013 4820 potest,
1048 4731 1109 4820 um
1138 4728 1249 4793 mmm
1279 4728 1378 4789 mem·
