2948 5040
135 156 179 225 38

132 326 382 396 Piclshsrtarum
404 345 494 391 more
517 343 572 390 eos
594 329 780 410 arguerunt
812 323 939 391 Videns
962 344 1041 410 ergo
1063 323 1223 403 diabolus,
1247 324 1335 412 quod
1358 323 1430 392 offi-

136 436 222 498 cium
245 434 315 520 ejus
336 431 458 516 ubique
480 428 673 506 destruatur,
697 437 729 493 et
749 435 831 511 ruat,
854 436 982 494 etcum
1005 427 1047 493 ab
1069 429 1162 493 initio
1185 429 1300 494 mundi
1321 431 1427 497 variis

134 536 261 602 astutis
292 534 408 622 plenus
443 532 550 614 buerit,
583 552 650 596 non
683 530 808 595 destitit
829 539 964 614 tentare,
998 538 1034 596 ut
1063 531 1175 597 sedem
1197 554 1289 597 suam
1310 554 1429 599 versus

138 639 391 727 septentrionem
426 635 587 702 collocare
615 635 729 721 possit,
760 642 793 698 et
821 635 936 700 similis
959 644 1046 700 esset
1077 635 1252 723 altissim03
1286 638 1431 703 concitat

135 741 254 807 multos
283 741 431 807 homines
464 761 538 805 suos
568 738 751 804 saeculares
782 747 814 803 et
844 738 1081 803 ecclesiasticos
1115 739 1157 804 ad
1178 740 1251 821 hoe,
1281 749 1319 805 ut
1339 742 1430 809 viam

132 846 228 932 regni
249 845 314 910 Dei
336 843 524 931 impediant,
547 851 581 907 et
602 844 689 908 viam
722 844 816 928 regni
851 845 901 908 sui
924 850 1114 930 expurgent,
1148 866 1211 930 quo
1242 843 1376 911 facilius
1397 846 1431 911 in

133 951 191 1015 illa
212 949 470 1037 progrediantur,
493 947 685 1035 promittens
708 946 794 1012 velle
815 946 881 1011 illis
903 969 1007 1032 regna
1028 946 1141 1012 mundi
1163 947 1280 1013 cedere
1302 957 1336 1014 et
1361 950 1428 1015 suit

132 1053 252 1120 tabulis
284 1075 344 1141 pro
376 1051 594 1117 haereditaria
625 1051 830 1138 possessione
873 1050 1062 1133 inscribere,
1099 1050 1273 1117 dummodo
1305 1073 1329 1117 a
1357 1052 1430 1139 lege

135 1156 259 1226 Christi
281 1156 482 1238 recedentes,
504 1155 641 1221 Romam
656 1153 873 1220 adoraverint.
908 1153 1003 1234 Quod
1025 1156 1122 1219 etiam
1144 1177 1211 1220 non
1233 1155 1429 1243 omiserunt;
1460 1198 1463 1211 ·

133 1264 238 1351 primo
272 1261 514 1326 administrator
541 1267 574 1324 et
596 1259 702 1324 clerus
726 1258 882 1346 ejusdem,
912 1280 971 1346 per
991 1258 1163 1345 parochias
1184 1259 1365 1327 clamantes
1387 1283 1426 1328 ac

135 1366 352 1433 vociferantes
394 1365 467 1429 sine
508 1364 748 1429 intermissione
791 1369 903 1427 contra
945 1364 1180 1448 suprascriptos
1224 1363 1423 1449 sacerdotes,

134 1480 268 1537 ventum
291 1469 488 1535 eontrarium
510 1466 706 1533 diabolicum
721 1467 935 1549 concitarunt,
956 1467 1095 1532 invicem
1117 1467 1299 1533 incitantes.
1321 1469 1425 1537 Juxta

138 1573 212 1640 illos
236 1595 364 1661 quoque
385 1571 478 1637 multi
501 1570 683 1637 saeculares
713 1579 994 1654 consurrexerunt,
1024 1592 1065 1635 ac
1091 1572 1188 1635 etiam
1210 1579 1325 1636 contra
1347 1594 1423 1644 suos

135 1679 298 1762 concives,
320 1676 481 1743 occultum
504 1675 613 1741 odium
641 1683 673 1739 et
692 1676 785 1758 iram,
808 1683 841 1739 et
863 1674 944 1740 alias
966 1696 1019 1739 res
1040 1673 1143 1739 malus
1165 1697 1186 1738 a
1199 1674 1310 1740 multis
1330 1698 1425 1764 prae·

135 1784 257 1869 gressis
289 1779 488 1868 temporibus
518 1788 747 1866 conceperunt,
777 1778 902 1843 tamdiu
924 1777 1028 1843 donec
1049 1779 1084 1841 in
1106 1778 1167 1859 his,
1198 1779 1291 1844 varia
1313 1789 1428 1846 cenna

137 1887 280 1951 invicem
313 1884 451 1971 loquelis
485 1884 665 1966 contrariis,
701 1883 872 1970 superfluis
906 1885 1037 1968 egisset.
1085 1882 1139 1948 Ob
1173 1882 1272 1946 fidem
1294 1887 1427 1972 saepius

131 1991 285 2056 audacter
315 1999 349 2054 et
376 1988 538 2076 superflue
569 1988 813 2072 contenderunt,
846 2009 912 2053 non
951 1986 992 2053 ob
1030 1986 1281 2052 emolumentum
1326 1990 1426 2077 quod·

132 2094 219 2177 dam,
243 2092 301 2158 sed
323 2093 365 2159 ob
387 2114 440 2158 res
463 2090 617 2157 adversas
633 2093 669 2156 in
691 2092 771 2157 loeis
792 2092 948 2157 indebitis
978 2101 1011 2156 et
1031 2093 1230 2178 incongruis,
1252 2094 1347 2158 utin
1369 2116 1424 2182 po·

133 2200 230 2287 pinis,
262 2199 297 2261 in
329 2196 446 2286 plateis
468 2196 617 2261 homines
640 2197 804 2262 temerarii
836 2195 919 2261 illud
942 2205 1087 2281 egerunt,
1122 2197 1221 2261 etiam
1254 2196 1295 2261 de
1325 2198 1424 2264 rebus

134 2301 294 2367 ecclesiae
329 2300 430 2388 (quod
462 2299 587 2365 laudari
619 2322 685 2365 non
717 2300 837 2388 potest)
871 2321 944 2365 cum
976 2301 1220 2365 intermixtione
1249 2299 1425 2369 verborum

76 2463 78 2467 .
134 2405 306 2470 infamium
328 2404 459 2490 quidam
482 2403 581 2468 locuti
607 2413 690 2486 sunt,
712 2402 803 2467 nulla
823 2404 859 2466 in
880 2402 931 2467 his
946 2411 1072 2468 utentes
1095 2403 1329 2488 aestimatione,
1351 2429 1425 2494 prue

130 2507 242 2574 dentia
265 2517 298 2573 et
319 2508 491 2594 aequitate,
527 2508 630 2573 solum
657 2516 694 2573 ut
722 2530 805 2572 unus
827 2506 921 2572 alteri
950 2508 1163 2574 adversitates
1186 2520 1299 2576 causet
1320 2520 1356 2576 et
1387 2512 1421 2576 iu

130 2614 352 2679 contentiones
387 2612 530 2689 inducat.
573 2613 662 2677 Dum
694 2613 804 2698 itaque
835 2612 918 2677 haec
951 2634 1079 2701 semper
1105 2622 1311 2700 augerentur,
1354 2616 1424 2681 sinc

129 2717 323 2800 resistentia,
347 2727 379 2783 et
401 2718 630 2807 impedimento
652 2729 813 2785 rectorum
836 2721 986 2802 civitatis,
1021 2743 1063 2785 ex
1086 2721 1148 2787 hac
1170 2744 1269 2787 causa
1290 2744 1360 2786 una
1380 2744 1421 2789 ex

129 2820 239 2887 multis
292 2823 407 2888 seditio
452 2833 523 2889 orta
556 2833 625 2907 est,
667 2832 764 2911 atque
807 2823 920 2888 talium
963 2824 1055 2889 multi
1099 2832 1156 2890 aut
1198 2828 1302 2913 pretio
1349 2848 1422 2903 oon·

132 2923 231 3008 ducti,
254 2935 310 2990 aut
330 2926 424 2992 aliter
446 2928 735 3016 quomodocunque
765 2930 904 3016 permoti
925 2928 1051 3015 Pragae
1080 2940 1332 3016 permanserunt
1353 2935 1436 2998 sine·

130 3030 220 3094 omni
252 3031 477 3111 incomm0d0;
510 3034 587 3099 inde
609 3032 834 3120 displicentiae
864 3035 969 3119 magis
992 3054 1129 3120 semper,
1161 3042 1193 3099 et
1213 3036 1422 3103 incitamenta

129 3132 172 3196 ad
194 3133 295 3199 multa
317 3135 403 3201 mala
424 3136 635 3222 augebantur,
658 3136 717 3201 sed
738 3138 863 3219 nescio,
883 3137 1042 3223 quomodo
1067 3136 1103 3202 id
1116 3137 1237 3204 iachim
1261 3141 1313 3223 sit,
1337 3139 1420 3230 quod

129 3236 250 3302 similes
279 3262 300 3304 a
331 3242 472 3307 civitatis
506 3241 685 3306 rectoribus
719 3242 825 3329 puniti
846 3263 912 3306 non
933 3241 1071 3325 fuerint;
1094 3250 1128 3306 at
1148 3244 1342 3311 innocentes
1364 3265 1418 3332 pro
1464 3234 1466 3249 '

132 3342 198 3407 reis
221 3364 302 3408 onus
324 3353 455 3432 portare
477 3344 596 3409 deinde
618 3343 809 3429 debuerunt,
839 3345 888 3410 illi
909 3344 951 3410 de
974 3348 1105 3412 civitate
1127 3349 1312 3435 proscripti,
1335 3348 1418 3415 ethi

126 3445 163 3510 in
184 3467 266 3532 pace
288 3448 393 3515 relicti
415 3457 496 3515 sunt
531 3450 582 3514 Ac
611 3448 688 3514 inde
717 3451 869 3515 continuo
897 3449 1140 3517 administrator
1162 3474 1236 3517 cum
1252 3474 1311 3518 suo
1332 3453 1418 3520 clero

128 3546 278 3615 homiues
297 3573 321 3619 ,a
342 3552 500 3617 charitate
522 3561 554 3616 et
577 3554 752 3621 concordia
775 3553 1006 3620 abstrahebant
1035 3564 1068 3619 et
1089 3555 1134 3620 ad
1156 3557 1326 3642 sanguinis
1347 3578 1416 3646 pro

127 3651 287 3719 fusionem
320 3677 387 3720 non
420 3656 604 3742 christiano,
639 3659 698 3724 sed
731 3661 911 3746 tyrannico,
944 3661 1010 3724 imo
1045 3657 1206 3725 diabolico
1233 3659 1331 3727 modo
1361 3680 1417 3749 per

129 3757 229 3823 miras
253 3760 512 3825 circumstantias
536 3763 756 3847 concitabant,
780 3763 886 3829 donec
907 3763 1084 3829 seditiones
1107 3771 1140 3828 et
1160 3763 1316 3829 tumultus
1335 3766 1417 3831 insu
1464 3764 1466 3821 ἶ

128 3862 391 3927 communitatem
421 3860 622 3952 Pragensem
653 3876 851 3934 causassent
893 3867 1086 3954 Priusquam
1116 3877 1225 3933 autem
1260 3869 1423 3957 incipiam·

129 3963 273 4031 scribere
302 3964 345 4029 de
376 3964 428 4032 his
460 3971 658 4056 tumultibus,
692 3970 811 4038 notabo
840 3973 930 4059 prius
961 3970 1002 4036 de
1024 3969 1210 4057 duplicibus
1232 3972 1416 4041 christianis

127 4070 313 4137 hominibus
334 4072 369 4136 in
392 4074 540 4141 omnibus
563 4075 700 4141 statibus
715 4077 808 4162 regni
823 4075 1011 4157 Bohemiae,
1035 4077 1226 4161 praesertim
1248 4085 1318 4142 tum
1338 4079 1415 4145 l'ra·

127 4194 189 4258 gae
209 4172 440 4260 habitantibus,
462 4187 498 4244 ut
518 4188 630 4246 notum
650 4180 716 4263 fiat,
738 4181 824 4245 inter
847 4202 926 4266 quos
950 4188 1060 4245 tenue
1082 4179 1203 4247 fuerint
1223 4181 1422 4252 deminae

1420 4422 1436 4459 le

1419 4462 1427 4497 l

1419 4456 1466 4864 ’ἢ
