2948 5040
131 338 348 425 conscriptos,
364 355 446 424 quos
456 335 557 401 unica
567 335 641 402 vice
651 334 846 418 audivimus,
861 336 1017 403 memoris
1029 342 1142 401 nostra
1151 355 1285 403 servare
1295 318 1413 426 posan-

132 466 214 511 mus.
237 441 381 528 Ideoque
402 441 588 530 summatim
609 439 651 506 ob
668 441 821 527 temporis
833 439 1036 525 brevitatem,
1059 449 1156 527 prout
1176 462 1287 507 coram
1302 441 1425 507 Vestro

133 548 315 615 Serenitate
349 554 462 611 contra
493 545 576 613 bauo
609 547 719 611 omnia
747 545 846 612 latius
868 545 968 615 locuti
1000 546 1131 630 fuimus,
1169 547 1352 613 restitimus
1390 554 1424 611 et

78 670 83 681 '
129 653 374 720 informavimus
391 652 427 719 in
463 672 564 716 causa
584 660 715 717 nostrae
736 639 952 735 innocentiae,
990 649 1078 738 quod
1101 649 1286 717 sacerdotes
1307 649 1422 716 nullos

129 767 187 825 aut
207 757 341 823 clericos
362 755 527 822 erroribus
550 755 720 833 obnoxios,
752 778 815 822 nec
847 756 931 840 illos,
968 757 1026 845 qui
1047 777 1091 821 ex
1112 757 1244 826 civitate
1266 777 1422 821 excesse-

83 845 87 853 ’
129 873 213 944 runt,
236 871 292 933 aut
313 861 404 927 abire
426 863 531 927 eoacti
552 870 636 943 sunt,
666 863 701 927 in
722 861 837 927 urbem
859 861 1095 943 induxerimus,
1124 860 1173 926 illi
1195 862 1284 925 enim
1306 860 1422 925 multis

129 969 222 1034 aunis
246 968 351 1048 citius,
386 977 559 1052 antequem
580 966 691 1031 officia
712 977 823 1031 nostra
845 950 1107 1042 obtinuissemus,
1140 974 1287 1053 tempore
1311 964 1420 1031 direc-

128 1074 225 1139 tionis
252 1083 283 1138 et
305 1072 473 1157 regiminis
497 1093 617 1149 eorum,
653 1073 707 1158 qui
729 1080 856 1160 partem
877 1071 972 1137 nobis
996 1071 1167 1137 adversam
1198 1070 1354 1156 agebant,
1387 1071 1423 1134 in

128 1178 209 1245 urbe
239 1168 401 1262 Pragensi
426 1177 565 1260 suerum,
599 1198 659 1242 nos
678 1185 784 1243 autem
807 1177 933 1244 nullum
961 1178 1080 1244 laicum
1112 1200 1175 1244 nec
1206 1177 1367 1243 clericum
1386 1176 1422 1240 in

132 1283 199 1348 ullo
219 1280 317 1364 malo,
355 1282 536 1346 convitioso
558 1289 642 1364 actu,
673 1281 884 1370 blasphemia,
924 1306 1033 1349 errore
1066 1293 1122 1349 aut
1146 1282 1274 1349 haeresi
1308 1288 1424 1345 contra

130 1388 250 1469 Deum,
286 1404 412 1448 suoram
440 1385 539 1473 fidem
561 1380 790 1470 Christianam,
824 1397 938 1452 contra
961 1388 1164 1454 sacramenia
1184 1396 1217 1453 et
1237 1376 1423 1453 laudabiles

132 1491 325 1559 christianas
350 1489 609 1571 consuetudines,
633 1499 667 1554 et
688 1491 774 1578 quod
797 1491 838 1556 de
859 1491 954 1557 nobis
976 1494 1129 1570 maxime,
1152 1491 1327 1578 etquidem
1340 1489 1422 1555 false

133 1605 294 1680 asserunt,
317 1604 430 1660 contra
450 1617 566 1681 corpus
588 1603 622 1659 et
645 1597 834 1681 sanguinem
857 1596 979 1662 Obristi
991 1598 1126 1662 Domini
1145 1595 1420 1677 manutenuimus,

135 1702 335 1775 servavimus
367 1709 425 1765 aut
445 1698 662 1782 defendimus,
683 1721 790 1788 neque
812 1700 891 1766 talia
913 1702 1157 1783 contumeliosa,
1181 1708 1214 1764 et
1234 1699 1421 1764 christiani-

132 1809 191 1872 tati
212 1806 351 1872 adversa
377 1806 531 1880 convitia,
565 1803 783 1891 blasphemias
817 1812 872 1871 ant
901 1814 1106 1894 contemptus
1128 1805 1324 1886 audivimus,
1361 1826 1423 1870 nec

134 1910 258 1998 culpari
280 1931 389 1974 coram
411 1907 505 1973 nobis
516 1907 748 1989 intelleximus,
772 1931 877 1996 nequo
897 1911 1029 1996 ipsimet
1041 1910 1160 1975 similia
1174 1908 1273 1975 locuti
1288 1907 1419 1991 fuimus,

132 2024 188 2083 aut
207 2015 249 2080 de
271 2014 322 2079 bis
345 2014 568 2100 cogitavimus,
590 2015 656 2079 imo
678 2015 711 2078 iu
730 2014 838 2078 Deum
861 2017 1114 2101 omnipotentem
1137 2014 1311 2096 credimus,
1336 2012 1422 2101 quod

132 2142 153 2186 a
173 2119 231 2184 tali
254 2119 450 2202 cogitatione
472 2125 527 2183 aut
547 2116 625 2181 mali
647 2116 819 2200 locutione,
844 2119 997 2205 quamdiu
1019 2120 1208 2202 vixerimus,
1235 2118 1271 2182 in
1292 2119 1418 2183 unitate

132 2234 264 2291 sanctae
292 2220 487 2306 universalis
516 2220 675 2287 ecclesiae
710 2243 769 2286 nos
792 2244 1004 2308 praeservare
1025 2222 1221 2309 dignabitur.
1270 2220 1415 2287 Intentio

133 2331 219 2396 enim
240 2335 351 2392 nostra
373 2335 405 2391 et
426 2324 575 2391 voluntas
598 2347 763 2411 uunquam
785 2325 854 2408 fuit,
878 2336 1010 2410 necest,
1033 2334 1141 2413 'neque
1155 2325 1418 2415 adjuvantellao

134 2435 205 2516 erit,
242 2440 279 2496 ut
299 2430 460 2518 quaedam
481 2429 576 2512 mala,
599 2431 726 2511 vitiosa,
745 2452 880 2495 erronea
902 2442 957 2497 aut
978 2433 1143 2497 haeretica
1164 2432 1253 2518 loqui
1287 2442 1348 2498 aut
1368 2433 1420 2499 de·

21 2600 23 2604 .
132 2537 267 2605 fondere
289 2544 401 2600 contra
423 2537 532 2601 Deum
554 2546 586 2602 et
607 2558 732 2603 sacram
754 2537 947 2622 scripturam
960 2537 1155 2603 deberemus
1166 2546 1227 2603 etc
1249 2537 1415 2625 thuam·

63 2720 75 2739 ,ι
133 2644 184 2708 vis
205 2664 266 2707 nos
289 2639 397 2705 nullus
408 2641 563 2707 hactenus
575 2643 728 2728 arguerit,
751 2663 813 2706 neo
823 2663 960 2728 arguere
971 2644 1075 2729 poss-it
1085 2641 1127 2707 de
1143 2642 1284 2730 quodam
1309 2664 1418 2708 errore

132 2754 189 2827 aut
209 2744 345 2828 haeresi,
369 2745 579 2811 nihilominus
600 2754 710 2811 tamen
731 2747 839 2833 perati
860 2769 971 2811 sumus
995 2745 1137 2830 cuilibet,
1159 2747 1195 2812 id
1206 2749 1345 2833 petenti,
1368 2742 1418 2812 η’-

132 2852 253 2915 tionem
274 2836 429 2914 redderes
444 2849 553 2937 Atque
567 2850 642 2916 ideo
655 2849 804 2915 omnibus
821 2851 981 2933 convitiis,
1004 2849 1226 2938 blasphemiis,
1251 2863 1418 2944 contemp-

132 2953 219 3019 tibus
243 2965 274 3018 et
297 2953 446 3019 omnibus
469 2954 553 3032 aliis,
578 2963 691 3020 contra
711 2977 771 3020 nos
786 2953 932 3019 confictis
957 2961 989 3019 et
1011 2956 1203 3043 conscriptis
1226 2961 1415 3042 resistimus,

133 3068 166 3124 et
187 3059 268 3123 haec
289 3081 458 3145 negamus,
491 3081 597 3146 neque
615 3054 677 3124 bis
698 3059 806 3125 locum
840 3059 964 3142 damus,
1001 3068 1112 3148 utpote
1131 3061 1264 3148 injustis
1284 3072 1335 3137 ‚et
1366 3064 1439 3130 im·¹

131 3162 364 3252 probabilibus.
679 3153 682 3160 ’
957 3180 960 3187 ·

216 3267 315 3353 Item;
340 3268 467 3351 caedes,
490 3268 698 3358 proditiones,
721 3266 857 3332 insidias
874 3274 1010 3332 structas
1034 3275 1066 3332 st
1087 3269 1242 3356 populum
1256 3280 1418 3339 armatum

132 3376 268 3443 anobis
290 3376 393 3441 fuisse
415 3375 644 3461 conscriptum,
669 3380 702 3437 et
723 3373 832 3436 omnia
853 3371 926 3448 alia,
951 3393 1033 3458 quae
1055 3372 1097 3437 de
1108 3373 1201 3439 nobis
1215 3356 1418 3463 scripserunt

134 3490 166 3546 et
187 3482 286 3547 locuti
309 3488 393 3562 sunt,
427 3480 523 3544 etiam
545 3477 735 3563 negavimus
758 3485 792 3541 et
812 3499 979 3562 negamus,
1013 3476 1094 3542 illud
1117 3480 1203 3543 onim
1225 3479 1321 3545 nobis
1344 3474 1417 3571 pro·

133 3586 246 3651 batum
267 3607 333 3650 non
355 3584 425 3665 fuit,
448 3603 509 3646 nec
530 3580 728 3669 probabitur,
752 3583 840 3646 omni
860 3583 948 3645 enim
970 3590 1116 3667 tempore
1136 3605 1196 3646 nos
1222 3582 1367 3652 fideliter
1388 3594 1420 3652 et

134 3693 269 3766 sincere,
287 3690 376 3776 juste
400 3695 432 3752 et
453 3686 629 3752 christiane
650 3687 819 3772 gessimus,
843 3686 1012 3750 sineomni
1034 3687 1218 3773 suspicione
1241 3691 1419 3776 sterguiti·

135 3816 207 3878 one,
229 3803 325 3881 atque
343 3794 439 3881 juxta
461 3790 543 3856 baec
566 3790 740 3878 adjuvante
762 3789 874 3855 divina
896 3789 1000 3875 gretia
1023 3791 1123 3854 emori
1145 3774 1303 3879 cupimus.

217 3898 314 3982 Item3
338 3895 578 3962 administrator
599 3918 672 3962 eum
695 3896 781 3961 clero
802 3916 861 3960 suo
884 3900 1068 3959 constanter
1089 3896 1353 3983 tumultuabatur,
1376 3901 1421 3965 in·

127 4011 218 4099 justa
237 4006 380 4093 convitia
401 4013 434 4070 et
455 4026 618 4071 sermones
640 4005 816 4086 insinuans,
853 4022 892 4066 aa
913 4001 1089 4067 humanum
1111 4001 1302 4086 sanguinem
1323 4025 1422 4093 appe·

132 4123 214 4195 tens,
237 4110 279 4175 ad
300 4109 478 4176 discordias
506 4109 653 4174 homines
677 4108 867 4191 concitavit,
888 4108 1023 4194 ipseque
1057 4129 1078 4170 a
1099 4106 1236 4173 Lotlrero
1271 4109 1421 4193 veniens,

133 4239 208 4283 eum
229 4215 433 4296 collaudavit,
462 4214 638 4279 Dominum
659 4213 767 4277 Deum
790 4212 918 4299 saepius
951 4233 1010 4298 pro
1029 4209 1087 4275 'illo
1110 4219 1259 4298 precatus
1280 4210 1353 4295 fuit,
1392 4219 1423 4278 et

132 4320 262 4410 publice
283 4320 437 4409 populum
459 4317 614 4384 animavit
634 4316 676 4383 ad
699 4315 879 4382 offerendas
903 4337 959 4403 pro
982 4314 1038 4380 illo
1063 4336 1188 4402 preces,
1211 4315 1298 4402 quod
1318 4337 1421 4405 aeque

133 4424 327 4492 christianus
361 4422 474 4489 doctor
502 4423 565 4504 sit,
601 4431 638 4487 ut
660 4421 798 4487 eundem
819 4421 910 4486 Deus
932 4419 1088 4505 adjuvare
1120 4418 1288 4506 dignetur3
1325 4429 1423 4510 atque

132 4528 214 4595 tales
235 4528 353 4594 multos
383 4525 546 4602 articulos,
583 4524 764 4612 dequibus
794 4546 856 4590 nos
889 4525 1006 4610 arguit,
1043 4523 1130 4609 quod
1163 4523 1349 4592 sacerdotes
1385 4524 1425 4591 da

132 4632 213 4699 urbo
254 4628 426 4720 proscripti
470 4628 747 4716 praedicaverint,
783 4633 849 4717 ipse
885 4626 1136 4695 concionabatur
1189 4636 1221 4695 et
1267 4629 1424 4719 populum

27 4802 30 4807 ,
133 4735 281 4838 docebat.
