<?xml version="1.0" encoding="UTF-8"?>
<!DOCTYPE html PUBLIC "-//W3C//DTD XHTML 1.0 Transitional//EN"
    "http://www.w3.org/TR/xhtml1/DTD/xhtml1-transitional.dtd">
<html xmlns="http://www.w3.org/1999/xhtml" xml:lang="en" lang="en">
 <head>
  <title>
</title>
<meta http-equiv="Content-Type" content="text/html;charset=utf-8" />
  <meta name='ocr-system' content='tesseract 3.04.00' />
  <meta name='ocr-capabilities' content='ocr_page ocr_carea ocr_par ocr_line ocrx_word'/>
</head>
<body>
  <div class='ocr_page' id='page_1' title='image "./desbartholomusv00bartgoog_0100.png"; bbox 0 0 2948 5040; ppageno 0'>
   <div class='ocr_carea' id='block_1_1' title="bbox 1305 156 1349 228">
    <p class='ocr_par' dir='ltr' id='par_1_1' title="bbox 1305 156 1349 228">
     <span class='ocr_line' id='line_1_1' title="bbox 1305 156 1349 228; baseline 0 0"><span class='ocrx_word' id='word_1_1' title='bbox 1305 156 1349 228; x_wconf 68' lang='lat' dir='ltr'>&#39;ll</span> 
     </span>
    </p>
   </div>
   <div class='ocr_carea' id='block_1_2' title="bbox 51 323 1462 2916">
    <p class='ocr_par' dir='ltr' id='par_1_2' title="bbox 52 323 1462 1767">
     <span class='ocr_line' id='line_1_2' title="bbox 52 323 1349 412; baseline 0.004 -22"><span class='ocrx_word' id='word_1_2' title='bbox 52 325 140 391; x_wconf 87' lang='lat' dir='ltr'>levis</span> <span class='ocrx_word' id='word_1_3' title='bbox 176 323 326 391; x_wconf 81' lang='lat' dir='ltr'>femellae</span> <span class='ocrx_word' id='word_1_4' title='bbox 348 323 492 391; x_wconf 87' lang='lat' dir='ltr'>laedens.</span> <span class='ocrx_word' id='word_1_5' title='bbox 533 325 628 392; x_wconf 90' lang='lat' dir='ltr'>Vitus</span> <span class='ocrx_word' id='word_1_6' title='bbox 643 325 741 392; x_wconf 90' lang='lat' dir='ltr'>Zeleo</span> <span class='ocrx_word' id='word_1_7' title='bbox 763 326 885 412; x_wconf 88' lang='lat' dir='ltr'>pariter</span> <span class='ocrx_word' id='word_1_8' title='bbox 905 327 939 391; x_wconf 92' lang='lat' dir='ltr'>in</span> <span class='ocrx_word' id='word_1_9' title='bbox 962 325 1110 394; x_wconf 89' lang='lat' dir='ltr'>omnibus</span> <span class='ocrx_word' id='word_1_10' title='bbox 1132 329 1226 395; x_wconf 90' lang='lat' dir='ltr'>malis</span> <span class='ocrx_word' id='word_1_11' title='bbox 1248 330 1280 395; x_wconf 91' lang='lat' dir='ltr'>ei</span> <span class='ocrx_word' id='word_1_12' title='bbox 1305 330 1349 395; x_wconf 83' lang='lat' dir='ltr'>ei·</span> 
     </span>
     <span class='ocr_line' id='line_1_3' title="bbox 57 427 1350 521; baseline 0.006 -29"><span class='ocrx_word' id='word_1_13' title='bbox 57 427 147 492; x_wconf 91' lang='lat' dir='ltr'>milis</span> <span class='ocrx_word' id='word_1_14' title='bbox 180 428 295 512; x_wconf 88' lang='lat' dir='ltr'>fuerat,</span> <span class='ocrx_word' id='word_1_15' title='bbox 318 438 488 517; x_wconf 86' lang='lat' dir='ltr'>praeterea</span> <span class='ocrx_word' id='word_1_16' title='bbox 509 433 537 495; x_wconf 94' lang='lat' dir='ltr'>si</span> <span class='ocrx_word' id='word_1_17' title='bbox 559 430 764 518; x_wconf 83' lang='lat' dir='ltr'>prudentiam</span> <span class='ocrx_word' id='word_1_18' title='bbox 786 429 921 495; x_wconf 88' lang='lat' dir='ltr'>haberet</span> <span class='ocrx_word' id='word_1_19' title='bbox 943 439 975 507; x_wconf 84' lang='lat' dir='ltr'>et</span> <span class='ocrx_word' id='word_1_20' title='bbox 985 430 1164 516; x_wconf 88' lang='lat' dir='ltr'>adhiberet,</span> <span class='ocrx_word' id='word_1_21' title='bbox 1188 433 1350 521; x_wconf 92' lang='lat' dir='ltr'>quomodo</span> 
     </span>
     <span class='ocr_line' id='line_1_4' title="bbox 56 531 1350 626; baseline 0.006 -29"><span class='ocrx_word' id='word_1_22' title='bbox 56 532 180 597; x_wconf 89' lang='lat' dir='ltr'>famam</span> <span class='ocrx_word' id='word_1_23' title='bbox 213 531 333 625; x_wconf 86' lang='lat' dir='ltr'>bonam</span> <span class='ocrx_word' id='word_1_24' title='bbox 356 533 419 598; x_wconf 93' lang='lat' dir='ltr'>sibi</span> <span class='ocrx_word' id='word_1_25' title='bbox 453 535 584 621; x_wconf 90' lang='lat' dir='ltr'>suisque</span> <span class='ocrx_word' id='word_1_26' title='bbox 612 534 759 622; x_wconf 91' lang='lat' dir='ltr'>prolibus</span> <span class='ocrx_word' id='word_1_27' title='bbox 793 555 986 599; x_wconf 85' lang='lat' dir='ltr'>conservare</span> <span class='ocrx_word' id='word_1_28' title='bbox 1020 533 1148 620; x_wconf 89' lang='lat' dir='ltr'>debeat,</span> <span class='ocrx_word' id='word_1_29' title='bbox 1183 560 1350 626; x_wconf 89' lang='lat' dir='ltr'>nunquam</span> 
     </span>
     <span class='ocr_line' id='line_1_5' title="bbox 57 636 1350 724; baseline 0.007 -23"><span class='ocrx_word' id='word_1_30' title='bbox 57 637 181 702; x_wconf 88' lang='lat' dir='ltr'>furtive</span> <span class='ocrx_word' id='word_1_31' title='bbox 204 636 245 701; x_wconf 94' lang='lat' dir='ltr'>de</span> <span class='ocrx_word' id='word_1_32' title='bbox 268 646 363 702; x_wconf 90' lang='lat' dir='ltr'>nocte</span> <span class='ocrx_word' id='word_1_33' title='bbox 371 648 533 724; x_wconf 88' lang='lat' dir='ltr'>monetam</span> <span class='ocrx_word' id='word_1_34' title='bbox 546 660 677 703; x_wconf 80' lang='lat' dir='ltr'>auream</span> <span class='ocrx_word' id='word_1_35' title='bbox 701 661 744 703; x_wconf 90' lang='lat' dir='ltr'>ex</span> <span class='ocrx_word' id='word_1_36' title='bbox 765 637 977 704; x_wconf 83' lang='lat' dir='ltr'>femoralibus</span> <span class='ocrx_word' id='word_1_37' title='bbox 997 638 1118 705; x_wconf 86' lang='lat' dir='ltr'>Joanni</span> <span class='ocrx_word' id='word_1_38' title='bbox 1140 642 1272 709; x_wconf 83' lang='lat' dir='ltr'>Krczek</span> <span class='ocrx_word' id='word_1_39' title='bbox 1294 665 1350 710; x_wconf 86' lang='lat' dir='ltr'>ex·</span> 
     </span>
     <span class='ocr_line' id='line_1_6' title="bbox 59 731 1352 837; baseline 0.009 -33"><span class='ocrx_word' id='word_1_40' title='bbox 59 740 223 824; x_wconf 79' lang='lat' dir='ltr'>scidisset,</span> <span class='ocrx_word' id='word_1_41' title='bbox 267 742 387 805; x_wconf 90' lang='lat' dir='ltr'>missus</span> <span class='ocrx_word' id='word_1_42' title='bbox 422 731 550 808; x_wconf 79' lang='lat' dir='ltr'>obv&#39;iam</span> <span class='ocrx_word' id='word_1_43' title='bbox 584 744 656 829; x_wconf 88' lang='lat' dir='ltr'>regi</span> <span class='ocrx_word' id='word_1_44' title='bbox 678 741 854 825; x_wconf 87' lang='lat' dir='ltr'>Ludovieo‚</span> <span class='ocrx_word' id='word_1_45' title='bbox 892 764 954 808; x_wconf 90' lang='lat' dir='ltr'>nec</span> <span class='ocrx_word' id='word_1_46' title='bbox 979 765 1059 832; x_wconf 90' lang='lat' dir='ltr'>opus</span> <span class='ocrx_word' id='word_1_47' title='bbox 1092 745 1208 812; x_wconf 88' lang='lat' dir='ltr'>fuisset</span> <span class='ocrx_word' id='word_1_48' title='bbox 1242 747 1352 837; x_wconf 87' lang='lat' dir='ltr'>(prout</span> 
     </span>
     <span class='ocr_line' id='line_1_7' title="bbox 57 844 1352 936; baseline 0.008 -28"><span class='ocrx_word' id='word_1_49' title='bbox 57 844 181 909; x_wconf 86' lang='lat' dir='ltr'>factum</span> <span class='ocrx_word' id='word_1_50' title='bbox 209 845 271 931; x_wconf 90' lang='lat' dir='ltr'>est)</span> <span class='ocrx_word' id='word_1_51' title='bbox 307 845 412 911; x_wconf 90' lang='lat' dir='ltr'>eidem</span> <span class='ocrx_word' id='word_1_52' title='bbox 452 847 536 911; x_wconf 90' lang='lat' dir='ltr'>hanc</span> <span class='ocrx_word' id='word_1_53' title='bbox 565 855 727 912; x_wconf 84' lang='lat' dir='ltr'>monetam</span> <span class='ocrx_word' id='word_1_54' title='bbox 750 848 929 912; x_wconf 89' lang='lat' dir='ltr'>restituere.</span> <span class='ocrx_word' id='word_1_55' title='bbox 972 847 1087 936; x_wconf 89' lang='lat' dir='ltr'>Itaque</span> <span class='ocrx_word' id='word_1_56' title='bbox 1120 849 1216 917; x_wconf 88' lang='lat' dir='ltr'>ambo</span> <span class='ocrx_word' id='word_1_57' title='bbox 1250 854 1352 918; x_wconf 90' lang='lat' dir='ltr'>animi</span> 
     </span>
     <span class='ocr_line' id='line_1_8' title="bbox 55 946 1352 1041; baseline 0.008 -30"><span class='ocrx_word' id='word_1_58' title='bbox 55 946 193 1013; x_wconf 91' lang='lat' dir='ltr'>audacis</span> <span class='ocrx_word' id='word_1_59' title='bbox 215 948 416 1014; x_wconf 89' lang='lat' dir='ltr'>ferocitatem</span> <span class='ocrx_word' id='word_1_60' title='bbox 439 973 530 1015; x_wconf 90' lang='lat' dir='ltr'>suam</span> <span class='ocrx_word' id='word_1_61' title='bbox 553 953 655 1016; x_wconf 91' lang='lat' dir='ltr'>secuti</span> <span class='ocrx_word' id='word_1_62' title='bbox 678 959 773 1032; x_wconf 82' lang='lat' dir='ltr'>sunt3</span> <span class='ocrx_word' id='word_1_63' title='bbox 805 973 891 1016; x_wconf 88' lang='lat' dir='ltr'>anno</span> <span class='ocrx_word' id='word_1_64' title='bbox 914 974 992 1017; x_wconf 89' lang='lat' dir='ltr'>vero</span> <span class='ocrx_word' id='word_1_65' title='bbox 1015 952 1077 1018; x_wconf 93' lang='lat' dir='ltr'>hoc</span> <span class='ocrx_word' id='word_1_66' title='bbox 1102 953 1188 1019; x_wconf 82' lang='lat'>1530</span> <span class='ocrx_word' id='word_1_67' title='bbox 1217 954 1352 1041; x_wconf 87' lang='lat' dir='ltr'>dignam</span> 
     </span>
     <span class='ocr_line' id='line_1_9' title="bbox 59 1053 1349 1146; baseline 0.009 -31"><span class='ocrx_word' id='word_1_68' title='bbox 59 1054 239 1140; x_wconf 87' lang='lat' dir='ltr'>gratiarum</span> <span class='ocrx_word' id='word_1_69' title='bbox 262 1054 422 1117; x_wconf 82' lang='lat' dir='ltr'>actionem</span> <span class='ocrx_word' id='word_1_70' title='bbox 444 1077 465 1119; x_wconf 90' lang='lat' dir='ltr'>a</span> <span class='ocrx_word' id='word_1_71' title='bbox 485 1054 605 1142; x_wconf 92' lang='lat' dir='ltr'>populo</span> <span class='ocrx_word' id='word_1_72' title='bbox 626 1053 757 1142; x_wconf 92' lang='lat' dir='ltr'>plebejo</span> <span class='ocrx_word' id='word_1_73' title='bbox 779 1068 981 1142; x_wconf 89' lang='lat' dir='ltr'>receperunt.</span> <span class='ocrx_word' id='word_1_74' title='bbox 1026 1056 1093 1123; x_wconf 87' lang='lat' dir='ltr'>Sed</span> <span class='ocrx_word' id='word_1_75' title='bbox 1104 1067 1140 1122; x_wconf 90' lang='lat' dir='ltr'>ut</span> <span class='ocrx_word' id='word_1_76' title='bbox 1161 1057 1203 1123; x_wconf 88' lang='lat' dir='ltr'>ad</span> <span class='ocrx_word' id='word_1_77' title='bbox 1225 1060 1349 1146; x_wconf 92' lang='lat' dir='ltr'>princi-</span> 
     </span>
     <span class='ocr_line' id='line_1_10' title="bbox 60 1157 1351 1245; baseline 0.007 -24"><span class='ocrx_word' id='word_1_78' title='bbox 60 1160 154 1244; x_wconf 92' lang='lat' dir='ltr'>pium</span> <span class='ocrx_word' id='word_1_79' title='bbox 176 1165 330 1238; x_wconf 88' lang='lat' dir='ltr'>revertar,</span> <span class='ocrx_word' id='word_1_80' title='bbox 361 1158 447 1243; x_wconf 91' lang='lat' dir='ltr'>quod</span> <span class='ocrx_word' id='word_1_81' title='bbox 469 1159 558 1223; x_wconf 86' lang='lat' dir='ltr'>lusus</span> <span class='ocrx_word' id='word_1_82' title='bbox 580 1157 653 1225; x_wconf 86' lang='lat' dir='ltr'>talis</span> <span class='ocrx_word' id='word_1_83' title='bbox 677 1158 796 1223; x_wconf 87' lang='lat' dir='ltr'>similia</span> <span class='ocrx_word' id='word_1_84' title='bbox 817 1168 937 1245; x_wconf 88' lang='lat' dir='ltr'>causet,</span> <span class='ocrx_word' id='word_1_85' title='bbox 960 1159 1017 1226; x_wconf 90' lang='lat' dir='ltr'>ubi</span> <span class='ocrx_word' id='word_1_86' title='bbox 1031 1160 1123 1227; x_wconf 91' lang='lat' dir='ltr'>Deus</span> <span class='ocrx_word' id='word_1_87' title='bbox 1145 1163 1180 1227; x_wconf 91' lang='lat' dir='ltr'>in</span> <span class='ocrx_word' id='word_1_88' title='bbox 1210 1163 1351 1230; x_wconf 87' lang='lat' dir='ltr'>excelsis</span> 
     </span>
     <span class='ocr_line' id='line_1_11' title="bbox 63 1261 1462 1349; baseline 0.006 -24"><span class='ocrx_word' id='word_1_89' title='bbox 63 1264 210 1326; x_wconf 83' lang='lat' dir='ltr'>existens</span> <span class='ocrx_word' id='word_1_90' title='bbox 234 1282 330 1348; x_wconf 94' lang='lat' dir='ltr'>super</span> <span class='ocrx_word' id='word_1_91' title='bbox 351 1261 498 1326; x_wconf 90' lang='lat' dir='ltr'>homines</span> <span class='ocrx_word' id='word_1_92' title='bbox 520 1263 709 1327; x_wconf 90' lang='lat' dir='ltr'>innocentes</span> <span class='ocrx_word' id='word_1_93' title='bbox 731 1270 863 1349; x_wconf 88' lang='lat' dir='ltr'>propter</span> <span class='ocrx_word' id='word_1_94' title='bbox 884 1272 1019 1348; x_wconf 85' lang='lat' dir='ltr'>peccata</span> <span class='ocrx_word' id='word_1_95' title='bbox 1047 1264 1177 1330; x_wconf 90' lang='lat' dir='ltr'>illorum</span> <span class='ocrx_word' id='word_1_96' title='bbox 1199 1267 1352 1333; x_wconf 59' lang='lat' dir='ltr'>tentatios</span> <span class='ocrx_word' id='word_1_97' title='bbox 1442 1315 1462 1340; x_wconf 57' lang='grc'>,</span> 
     </span>
     <span class='ocr_line' id='line_1_12' title="bbox 55 1364 1343 1456; baseline 0.005 -26"><span class='ocrx_word' id='word_1_98' title='bbox 55 1388 117 1432; x_wconf 91' lang='lat' dir='ltr'>nes</span> <span class='ocrx_word' id='word_1_99' title='bbox 153 1364 317 1447; x_wconf 79' lang='lat' dir='ltr'>immittit3</span> <span class='ocrx_word' id='word_1_100' title='bbox 352 1388 412 1431; x_wconf 90' lang='lat' dir='ltr'>rex</span> <span class='ocrx_word' id='word_1_101' title='bbox 448 1389 536 1448; x_wconf 88' lang='lat' dir='ltr'>vero,</span> <span class='ocrx_word' id='word_1_102' title='bbox 573 1367 627 1432; x_wconf 92' lang='lat' dir='ltr'>vel</span> <span class='ocrx_word' id='word_1_103' title='bbox 657 1366 740 1431; x_wconf 89' lang='lat' dir='ltr'>alius</span> <span class='ocrx_word' id='word_1_104' title='bbox 763 1365 913 1431; x_wconf 89' lang='lat' dir='ltr'>dominus</span> <span class='ocrx_word' id='word_1_105' title='bbox 937 1366 1125 1456; x_wconf 87' lang='lat' dir='ltr'>temporalis</span> <span class='ocrx_word' id='word_1_106' title='bbox 1146 1392 1166 1435; x_wconf 89' lang='lat' dir='ltr'>a</span> <span class='ocrx_word' id='word_1_107' title='bbox 1188 1369 1260 1436; x_wconf 91' lang='lat' dir='ltr'>loco</span> <span class='ocrx_word' id='word_1_108' title='bbox 1284 1392 1343 1436; x_wconf 87' lang='lat' dir='ltr'>suo</span> 
     </span>
     <span class='ocr_line' id='line_1_13' title="bbox 55 1469 1352 1555; baseline 0.005 -21"><span class='ocrx_word' id='word_1_109' title='bbox 55 1480 212 1555; x_wconf 89' lang='lat' dir='ltr'>remotus,</span> <span class='ocrx_word' id='word_1_110' title='bbox 249 1472 362 1537; x_wconf 90' lang='lat' dir='ltr'>fideles</span> <span class='ocrx_word' id='word_1_111' title='bbox 394 1492 469 1536; x_wconf 92' lang='lat' dir='ltr'>suos</span> <span class='ocrx_word' id='word_1_112' title='bbox 493 1469 640 1537; x_wconf 91' lang='lat' dir='ltr'>subditos</span> <span class='ocrx_word' id='word_1_113' title='bbox 663 1472 697 1535; x_wconf 92' lang='lat' dir='ltr'>in</span> <span class='ocrx_word' id='word_1_114' title='bbox 719 1469 847 1536; x_wconf 91' lang='lat' dir='ltr'>illorum</span> <span class='ocrx_word' id='word_1_115' title='bbox 870 1471 1057 1537; x_wconf 89' lang='lat' dir='ltr'>innocentia</span> <span class='ocrx_word' id='word_1_116' title='bbox 1078 1472 1120 1537; x_wconf 92' lang='lat' dir='ltr'>ad</span> <span class='ocrx_word' id='word_1_117' title='bbox 1153 1473 1352 1540; x_wconf 84' lang='lat' dir='ltr'>informatio·</span> 
     </span>
     <span class='ocr_line' id='line_1_14' title="bbox 54 1573 1354 1662; baseline 0.005 -23"><span class='ocrx_word' id='word_1_118' title='bbox 54 1597 134 1640; x_wconf 91' lang='lat' dir='ltr'>nem</span> <span class='ocrx_word' id='word_1_119' title='bbox 155 1575 403 1662; x_wconf 87' lang='lat' dir='ltr'>improbabilem</span> <span class='ocrx_word' id='word_1_120' title='bbox 437 1584 469 1640; x_wconf 90' lang='lat' dir='ltr'>et</span> <span class='ocrx_word' id='word_1_121' title='bbox 490 1573 605 1639; x_wconf 87' lang='lat' dir='ltr'>falsam</span> <span class='ocrx_word' id='word_1_122' title='bbox 628 1573 794 1638; x_wconf 90' lang='lat' dir='ltr'>hominum</span> <span class='ocrx_word' id='word_1_123' title='bbox 817 1574 974 1639; x_wconf 90' lang='lat' dir='ltr'>malorum</span> <span class='ocrx_word' id='word_1_124' title='bbox 1007 1575 1134 1642; x_wconf 89' lang='lat' dir='ltr'>deserit.</span> <span class='ocrx_word' id='word_1_125' title='bbox 1186 1577 1354 1646; x_wconf 87' lang='lat' dir='ltr'>Laudatur</span> 
     </span>
     <span class='ocr_line' id='line_1_15' title="bbox 54 1678 968 1767; baseline -0.002 -23"><span class='ocrx_word' id='word_1_126' title='bbox 54 1679 220 1744; x_wconf 92' lang='lat' dir='ltr'>Dominus</span> <span class='ocrx_word' id='word_1_127' title='bbox 255 1679 356 1761; x_wconf 90' lang='lat' dir='ltr'>Deus,</span> <span class='ocrx_word' id='word_1_128' title='bbox 396 1688 428 1744; x_wconf 92' lang='lat' dir='ltr'>et</span> <span class='ocrx_word' id='word_1_129' title='bbox 449 1688 542 1767; x_wconf 89' lang='lat' dir='ltr'>pater</span> <span class='ocrx_word' id='word_1_130' title='bbox 576 1678 727 1743; x_wconf 90' lang='lat' dir='ltr'>coelestis</span> <span class='ocrx_word' id='word_1_131' title='bbox 750 1679 784 1742; x_wconf 90' lang='lat' dir='ltr'>in</span> <span class='ocrx_word' id='word_1_132' title='bbox 809 1678 968 1745; x_wconf 89' lang='lat' dir='ltr'>omnibus.</span> 
     </span>
    </p>

    <p class='ocr_par' dir='ltr' id='par_1_3' title="bbox 51 1781 1358 2916">
     <span class='ocr_line' id='line_1_16' title="bbox 145 1781 1353 1872; baseline 0.004 -25"><span class='ocrx_word' id='word_1_133' title='bbox 145 1782 412 1871; x_wconf 76' lang='lat' dir='ltr'>Quandocunque</span> <span class='ocrx_word' id='word_1_134' title='bbox 447 1791 554 1848; x_wconf 89' lang='lat' dir='ltr'>autem</span> <span class='ocrx_word' id='word_1_135' title='bbox 589 1783 800 1848; x_wconf 89' lang='lat' dir='ltr'>communitas</span> <span class='ocrx_word' id='word_1_136' title='bbox 823 1781 948 1868; x_wconf 88' lang='lat' dir='ltr'>Pragae</span> <span class='ocrx_word' id='word_1_137' title='bbox 971 1784 1016 1849; x_wconf 87' lang='lat' dir='ltr'>ita</span> <span class='ocrx_word' id='word_1_138' title='bbox 1037 1785 1252 1872; x_wconf 87' lang='lat' dir='ltr'>perturbatur,</span> <span class='ocrx_word' id='word_1_139' title='bbox 1275 1796 1353 1853; x_wconf 88' lang='lat' dir='ltr'>tnnc</span> 
     </span>
     <span class='ocr_line' id='line_1_17' title="bbox 51 1886 1353 1979; baseline 0.005 -28"><span class='ocrx_word' id='word_1_140' title='bbox 51 1886 177 1952; x_wconf 90' lang='lat' dir='ltr'>nullius</span> <span class='ocrx_word' id='word_1_141' title='bbox 199 1887 333 1967; x_wconf 82' lang='lat' dir='ltr'>ordinis,</span> <span class='ocrx_word' id='word_1_142' title='bbox 355 1909 417 1952; x_wconf 92' lang='lat' dir='ltr'>neo</span> <span class='ocrx_word' id='word_1_143' title='bbox 434 1888 519 1974; x_wconf 91' lang='lat' dir='ltr'>juris</span> <span class='ocrx_word' id='word_1_144' title='bbox 543 1888 699 1951; x_wconf 81' lang='lat' dir='ltr'>securitas</span> <span class='ocrx_word' id='word_1_145' title='bbox 734 1886 837 1962; x_wconf 87' lang='lat' dir='ltr'>adest,</span> <span class='ocrx_word' id='word_1_146' title='bbox 870 1887 929 1952; x_wconf 87' lang='lat' dir='ltr'>sed</span> <span class='ocrx_word' id='word_1_147' title='bbox 962 1889 1007 1953; x_wconf 88' lang='lat' dir='ltr'>ita</span> <span class='ocrx_word' id='word_1_148' title='bbox 1030 1889 1113 1954; x_wconf 86' lang='lat' dir='ltr'>solet</span> <span class='ocrx_word' id='word_1_149' title='bbox 1133 1889 1214 1973; x_wconf 88' lang='lat' dir='ltr'>fieri,</span> <span class='ocrx_word' id='word_1_150' title='bbox 1238 1900 1274 1957; x_wconf 95' lang='lat' dir='ltr'>ut</span> <span class='ocrx_word' id='word_1_151' title='bbox 1296 1894 1353 1979; x_wconf 92' lang='lat' dir='ltr'>qui</span> 
     </span>
     <span class='ocr_line' id='line_1_18' title="bbox 53 1989 1352 2082; baseline 0.004 -26"><span class='ocrx_word' id='word_1_152' title='bbox 53 2013 231 2082; x_wconf 86' lang='lat' dir='ltr'>percussus</span> <span class='ocrx_word' id='word_1_153' title='bbox 256 2003 314 2074; x_wconf 89' lang='lat' dir='ltr'>est,</span> <span class='ocrx_word' id='word_1_154' title='bbox 338 1992 393 2056; x_wconf 93' lang='lat' dir='ltr'>ille</span> <span class='ocrx_word' id='word_1_155' title='bbox 416 1991 479 2056; x_wconf 91' lang='lat' dir='ltr'>sibi</span> <span class='ocrx_word' id='word_1_156' title='bbox 503 1999 619 2072; x_wconf 88' lang='lat' dir='ltr'>servet,</span> <span class='ocrx_word' id='word_1_157' title='bbox 644 1999 676 2054; x_wconf 92' lang='lat' dir='ltr'>et</span> <span class='ocrx_word' id='word_1_158' title='bbox 698 1990 751 2054; x_wconf 93' lang='lat' dir='ltr'>oui</span> <span class='ocrx_word' id='word_1_159' title='bbox 773 1999 871 2076; x_wconf 86' lang='lat' dir='ltr'>caput</span> <span class='ocrx_word' id='word_1_160' title='bbox 893 1989 1045 2074; x_wconf 84' lang='lat' dir='ltr'>aufertur,</span> <span class='ocrx_word' id='word_1_161' title='bbox 1077 1991 1133 2057; x_wconf 92' lang='lat' dir='ltr'>ille</span> <span class='ocrx_word' id='word_1_162' title='bbox 1151 1995 1222 2080; x_wconf 90' lang='lat' dir='ltr'>jam</span> <span class='ocrx_word' id='word_1_163' title='bbox 1245 1999 1352 2082; x_wconf 83' lang='lat' dir='ltr'>periit</span> 
     </span>
     <span class='ocr_line' id='line_1_19' title="bbox 53 2093 1351 2183; baseline 0.004 -24"><span class='ocrx_word' id='word_1_164' title='bbox 53 2096 167 2183; x_wconf 90' lang='lat' dir='ltr'>Atque</span> <span class='ocrx_word' id='word_1_165' title='bbox 189 2094 270 2160; x_wconf 91' lang='lat' dir='ltr'>haee</span> <span class='ocrx_word' id='word_1_166' title='bbox 293 2096 366 2160; x_wconf 89' lang='lat' dir='ltr'>talis</span> <span class='ocrx_word' id='word_1_167' title='bbox 401 2095 551 2182; x_wconf 86' lang='lat' dir='ltr'>voluptas</span> <span class='ocrx_word' id='word_1_168' title='bbox 586 2093 739 2180; x_wconf 87' lang='lat' dir='ltr'>(seilicet)</span> <span class='ocrx_word' id='word_1_169' title='bbox 765 2095 1003 2158; x_wconf 86' lang='lat' dir='ltr'>communitatis</span> <span class='ocrx_word' id='word_1_170' title='bbox 1037 2096 1132 2183; x_wconf 91' lang='lat' dir='ltr'>hujus</span> <span class='ocrx_word' id='word_1_171' title='bbox 1163 2097 1273 2162; x_wconf 86' lang='lat' dir='ltr'>multis</span> <span class='ocrx_word' id='word_1_172' title='bbox 1296 2098 1351 2164; x_wconf 95' lang='lat' dir='ltr'>ho·</span> 
     </span>
     <span class='ocr_line' id='line_1_20' title="bbox 56 2197 1352 2287; baseline 0.004 -25"><span class='ocrx_word' id='word_1_173' title='bbox 56 2201 160 2263; x_wconf 88' lang='lat' dir='ltr'>nestis</span> <span class='ocrx_word' id='word_1_174' title='bbox 183 2208 215 2264; x_wconf 89' lang='lat' dir='ltr'>et</span> <span class='ocrx_word' id='word_1_175' title='bbox 235 2199 463 2287; x_wconf 75' lang='lat' dir='ltr'>innocentibus</span> <span class='ocrx_word' id='word_1_176' title='bbox 484 2198 668 2263; x_wconf 88' lang='lat' dir='ltr'>hominibus</span> <span class='ocrx_word' id='word_1_177' title='bbox 691 2197 845 2262; x_wconf 89' lang='lat' dir='ltr'>damnum</span> <span class='ocrx_word' id='word_1_178' title='bbox 867 2200 902 2263; x_wconf 91' lang='lat' dir='ltr'>in</span> <span class='ocrx_word' id='word_1_179' title='bbox 923 2198 1010 2262; x_wconf 87' lang='lat' dir='ltr'>fama</span> <span class='ocrx_word' id='word_1_180' title='bbox 1039 2209 1071 2265; x_wconf 92' lang='lat' dir='ltr'>et</span> <span class='ocrx_word' id='word_1_181' title='bbox 1103 2199 1197 2266; x_wconf 89' lang='lat' dir='ltr'>bonis</span> <span class='ocrx_word' id='word_1_182' title='bbox 1234 2201 1352 2286; x_wconf 83' lang='lat' dir='ltr'>attulit,</span> 
     </span>
     <span class='ocr_line' id='line_1_21' title="bbox 60 2303 1350 2391; baseline 0.002 -22"><span class='ocrx_word' id='word_1_183' title='bbox 60 2307 126 2370; x_wconf 89' lang='lat' dir='ltr'>imo</span> <span class='ocrx_word' id='word_1_184' title='bbox 147 2308 244 2371; x_wconf 85' lang='lat' dir='ltr'>etiam</span> <span class='ocrx_word' id='word_1_185' title='bbox 267 2305 396 2391; x_wconf 87' lang='lat' dir='ltr'>saepius</span> <span class='ocrx_word' id='word_1_186' title='bbox 419 2304 456 2368; x_wconf 92' lang='lat' dir='ltr'>in</span> <span class='ocrx_word' id='word_1_187' title='bbox 476 2303 613 2366; x_wconf 89' lang='lat' dir='ltr'>sanitate</span> <span class='ocrx_word' id='word_1_188' title='bbox 637 2303 707 2366; x_wconf 92' lang='lat' dir='ltr'>sine</span> <span class='ocrx_word' id='word_1_189' title='bbox 729 2303 818 2365; x_wconf 91' lang='lat' dir='ltr'>omni</span> <span class='ocrx_word' id='word_1_190' title='bbox 834 2303 1138 2386; x_wconf 81' lang='lat' dir='ltr'>causa-sufficiente,</span> <span class='ocrx_word' id='word_1_191' title='bbox 1165 2313 1197 2369; x_wconf 87' lang='lat' dir='ltr'>et</span> <span class='ocrx_word' id='word_1_192' title='bbox 1220 2313 1270 2370; x_wconf 87' lang='lat' dir='ltr'>est</span> <span class='ocrx_word' id='word_1_193' title='bbox 1284 2316 1350 2371; x_wconf 90' lang='lat' dir='ltr'>tam</span> 
     </span>
     <span class='ocr_line' id='line_1_22' title="bbox 61 2407 1351 2501; baseline 0 -25"><span class='ocrx_word' id='word_1_194' title='bbox 61 2432 184 2494; x_wconf 90' lang='lat' dir='ltr'>secura,</span> <span class='ocrx_word' id='word_1_195' title='bbox 209 2412 293 2492; x_wconf 90' lang='lat' dir='ltr'>sicut</span> <span class='ocrx_word' id='word_1_196' title='bbox 314 2408 403 2473; x_wconf 90' lang='lat' dir='ltr'>lusus</span> <span class='ocrx_word' id='word_1_197' title='bbox 425 2417 481 2473; x_wconf 92' lang='lat' dir='ltr'>aut</span> <span class='ocrx_word' id='word_1_198' title='bbox 502 2407 678 2473; x_wconf 86' lang='lat' dir='ltr'>ambulatio</span> <span class='ocrx_word' id='word_1_199' title='bbox 701 2429 775 2473; x_wconf 90' lang='lat' dir='ltr'>oum</span> <span class='ocrx_word' id='word_1_200' title='bbox 797 2428 884 2472; x_wconf 89' lang='lat' dir='ltr'>urso.</span> <span class='ocrx_word' id='word_1_201' title='bbox 929 2407 1012 2473; x_wconf 91' lang='lat' dir='ltr'>Nam</span> <span class='ocrx_word' id='word_1_202' title='bbox 1026 2408 1102 2473; x_wconf 93' lang='lat' dir='ltr'>dum</span> <span class='ocrx_word' id='word_1_203' title='bbox 1118 2410 1251 2496; x_wconf 88' lang='lat' dir='ltr'>aurigae</span> <span class='ocrx_word' id='word_1_204' title='bbox 1274 2412 1351 2501; x_wconf 89' lang='lat' dir='ltr'>equi</span> 
     </span>
     <span class='ocr_line' id='line_1_23' title="bbox 57 2512 1358 2600; baseline -0.001 -19"><span class='ocrx_word' id='word_1_205' title='bbox 57 2539 79 2581; x_wconf 90' lang='lat' dir='ltr'>a</span> <span class='ocrx_word' id='word_1_206' title='bbox 101 2516 224 2581; x_wconf 86' lang='lat' dir='ltr'>fraenis</span> <span class='ocrx_word' id='word_1_207' title='bbox 245 2514 422 2596; x_wconf 87' lang='lat' dir='ltr'>solvuntur,</span> <span class='ocrx_word' id='word_1_208' title='bbox 446 2514 551 2600; x_wconf 90' lang='lat' dir='ltr'>qualis</span> <span class='ocrx_word' id='word_1_209' title='bbox 591 2512 746 2577; x_wconf 86' lang='lat' dir='ltr'>securitas</span> <span class='ocrx_word' id='word_1_210' title='bbox 779 2532 850 2575; x_wconf 88' lang='lat' dir='ltr'>esse</span> <span class='ocrx_word' id='word_1_211' title='bbox 879 2519 994 2598; x_wconf 84' lang='lat' dir='ltr'>potest,</span> <span class='ocrx_word' id='word_1_212' title='bbox 1012 2514 1082 2600; x_wconf 88' lang='lat' dir='ltr'>jam</span> <span class='ocrx_word' id='word_1_213' title='bbox 1106 2515 1191 2578; x_wconf 90' lang='lat' dir='ltr'>enim</span> <span class='ocrx_word' id='word_1_214' title='bbox 1214 2536 1301 2579; x_wconf 92' lang='lat' dir='ltr'>nunc</span> <span class='ocrx_word' id='word_1_215' title='bbox 1321 2515 1358 2580; x_wconf 93' lang='lat' dir='ltr'>fit</span> 
     </span>
     <span class='ocr_line' id='line_1_24' title="bbox 59 2615 1353 2708; baseline -0.001 -23"><span class='ocrx_word' id='word_1_216' title='bbox 59 2619 149 2708; x_wconf 91' lang='lat' dir='ltr'>quod</span> <span class='ocrx_word' id='word_1_217' title='bbox 170 2619 264 2685; x_wconf 92' lang='lat' dir='ltr'>multi</span> <span class='ocrx_word' id='word_1_218' title='bbox 284 2621 319 2683; x_wconf 91' lang='lat' dir='ltr'>in</span> <span class='ocrx_word' id='word_1_219' title='bbox 341 2619 462 2684; x_wconf 90' lang='lat' dir='ltr'>honore</span> <span class='ocrx_word' id='word_1_220' title='bbox 486 2641 542 2683; x_wconf 92' lang='lat' dir='ltr'>suo</span> <span class='ocrx_word' id='word_1_221' title='bbox 566 2616 665 2698; x_wconf 86' lang='lat' dir='ltr'>leves,</span> <span class='ocrx_word' id='word_1_222' title='bbox 690 2624 722 2680; x_wconf 91' lang='lat' dir='ltr'>et</span> <span class='ocrx_word' id='word_1_223' title='bbox 754 2617 931 2702; x_wconf 88' lang='lat' dir='ltr'>contempti</span> <span class='ocrx_word' id='word_1_224' title='bbox 960 2615 1108 2682; x_wconf 89' lang='lat' dir='ltr'>homines</span> <span class='ocrx_word' id='word_1_225' title='bbox 1131 2618 1270 2705; x_wconf 90' lang='lat' dir='ltr'>pedibus</span> <span class='ocrx_word' id='word_1_226' title='bbox 1296 2620 1353 2684; x_wconf 89' lang='lat' dir='ltr'>fir·</span> 
     </span>
     <span class='ocr_line' id='line_1_25' title="bbox 56 2718 1357 2808; baseline -0.001 -18"><span class='ocrx_word' id='word_1_227' title='bbox 56 2727 156 2790; x_wconf 89' lang='lat' dir='ltr'>miter</span> <span class='ocrx_word' id='word_1_228' title='bbox 177 2726 338 2807; x_wconf 89' lang='lat' dir='ltr'>insistant,</span> <span class='ocrx_word' id='word_1_229' title='bbox 362 2723 542 2790; x_wconf 84' lang='lat' dir='ltr'>rectoribus</span> <span class='ocrx_word' id='word_1_230' title='bbox 565 2729 672 2787; x_wconf 86' lang='lat' dir='ltr'>autem</span> <span class='ocrx_word' id='word_1_231' title='bbox 696 2721 762 2784; x_wconf 87' lang='lat' dir='ltr'>suis</span> <span class='ocrx_word' id='word_1_232' title='bbox 786 2718 913 2800; x_wconf 90' lang='lat' dir='ltr'>multis,</span> <span class='ocrx_word' id='word_1_233' title='bbox 948 2719 1065 2806; x_wconf 87' lang='lat' dir='ltr'>dignis,</span> <span class='ocrx_word' id='word_1_234' title='bbox 1087 2722 1302 2808; x_wconf 88' lang='lat' dir='ltr'>prudentibus</span> <span class='ocrx_word' id='word_1_235' title='bbox 1324 2733 1357 2790; x_wconf 93' lang='lat' dir='ltr'>et</span> 
     </span>
     <span class='ocr_line' id='line_1_26' title="bbox 57 2827 512 2916; baseline -0.004 -23"><span class='ocrx_word' id='word_1_236' title='bbox 57 2827 214 2894; x_wconf 91' lang='lat' dir='ltr'>fidelibus</span> <span class='ocrx_word' id='word_1_237' title='bbox 237 2831 364 2894; x_wconf 88' lang='lat' dir='ltr'>ruinam</span> <span class='ocrx_word' id='word_1_238' title='bbox 386 2836 512 2916; x_wconf 87' lang='lat' dir='ltr'>parant.</span> 
     </span>
    </p>
   </div>
   <div class='ocr_carea' id='block_1_3' title="bbox 604 3085 825 3153">
    <p class='ocr_par' dir='ltr' id='par_1_4' title="bbox 604 3085 825 3153">
     <span class='ocr_line' id='line_1_27' title="bbox 604 3085 825 3153; baseline 0 -3"><span class='ocrx_word' id='word_1_239' title='bbox 604 3085 751 3151; x_wconf 81' lang='lat' dir='ltr'><strong>CAPUT</strong></span> <span class='ocrx_word' id='word_1_240' title='bbox 773 3088 825 3153; x_wconf 80' lang='lat'>28.</span> 
     </span>
    </p>
   </div>
   <div class='ocr_carea' id='block_1_4' title="bbox 58 3195 1356 3447">
    <p class='ocr_par' dir='ltr' id='par_1_5' title="bbox 58 3195 1356 3447">
     <span class='ocr_line' id='line_1_28' title="bbox 61 3195 1355 3279; baseline 0.002 -20"><span class='ocrx_word' id='word_1_241' title='bbox 61 3198 126 3259; x_wconf 90' lang='lat' dir='ltr'>Ubi</span> <span class='ocrx_word' id='word_1_242' title='bbox 149 3198 247 3276; x_wconf 86' lang='lat' dir='ltr'>agitur</span> <span class='ocrx_word' id='word_1_243' title='bbox 270 3199 307 3255; x_wconf 94' lang='lat' dir='ltr'>de</span> <span class='ocrx_word' id='word_1_244' title='bbox 330 3197 435 3256; x_wconf 88' lang='lat' dir='ltr'>dolosa</span> <span class='ocrx_word' id='word_1_245' title='bbox 458 3203 487 3253; x_wconf 90' lang='lat' dir='ltr'>et</span> <span class='ocrx_word' id='word_1_246' title='bbox 508 3196 696 3272; x_wconf 76' lang='lat' dir='ltr'>improbabili</span> <span class='ocrx_word' id='word_1_247' title='bbox 729 3196 846 3255; x_wconf 90' lang='lat' dir='ltr'>occulta</span> <span class='ocrx_word' id='word_1_248' title='bbox 876 3195 980 3273; x_wconf 89' lang='lat' dir='ltr'>culpae</span> <span class='ocrx_word' id='word_1_249' title='bbox 1011 3196 1160 3257; x_wconf 90' lang='lat' dir='ltr'>delatione</span> <span class='ocrx_word' id='word_1_250' title='bbox 1182 3219 1201 3258; x_wconf 90' lang='lat' dir='ltr'>a</span> <span class='ocrx_word' id='word_1_251' title='bbox 1221 3201 1355 3279; x_wconf 89' lang='lat' dir='ltr'>Pragen·</span> 
     </span>
     <span class='ocr_line' id='line_1_29' title="bbox 58 3282 1356 3360; baseline 0.002 -16"><span class='ocrx_word' id='word_1_252' title='bbox 58 3286 146 3345; x_wconf 87' lang='lat' dir='ltr'>sibus</span> <span class='ocrx_word' id='word_1_253' title='bbox 170 3285 256 3360; x_wconf 86' lang='lat' dir='ltr'>lacta,</span> <span class='ocrx_word' id='word_1_254' title='bbox 280 3291 384 3343; x_wconf 89' lang='lat' dir='ltr'>contra</span> <span class='ocrx_word' id='word_1_255' title='bbox 404 3283 604 3342; x_wconf 88' lang='lat' dir='ltr'>incarceratos</span> <span class='ocrx_word' id='word_1_256' title='bbox 641 3291 670 3341; x_wconf 92' lang='lat' dir='ltr'>et</span> <span class='ocrx_word' id='word_1_257' title='bbox 692 3284 775 3341; x_wconf 86' lang='lat' dir='ltr'>abire</span> <span class='ocrx_word' id='word_1_258' title='bbox 803 3282 924 3358; x_wconf 83' lang='lat' dir='ltr'>jussos3</span> <span class='ocrx_word' id='word_1_259' title='bbox 958 3284 1079 3342; x_wconf 83' lang='lat' dir='ltr'>tandem</span> <span class='ocrx_word' id='word_1_260' title='bbox 1109 3286 1147 3343; x_wconf 92' lang='lat' dir='ltr'>de</span> <span class='ocrx_word' id='word_1_261' title='bbox 1178 3286 1356 3348; x_wconf 88' lang='lat' dir='ltr'>refutatione</span> 
     </span>
     <span class='ocr_line' id='line_1_30' title="bbox 335 3369 1034 3447; baseline 0.003 -19"><span class='ocrx_word' id='word_1_262' title='bbox 335 3429 341 3440; x_wconf 71' lang='grc'><strong><em>,</em></strong></span> <span class='ocrx_word' id='word_1_263' title='bbox 411 3378 438 3428; x_wconf 86' lang='lat' dir='ltr'>et</span> <span class='ocrx_word' id='word_1_264' title='bbox 460 3371 634 3447; x_wconf 86' lang='lat' dir='ltr'>purgatione</span> <span class='ocrx_word' id='word_1_265' title='bbox 656 3369 785 3444; x_wconf 91' lang='lat' dir='ltr'>illorum,</span> <span class='ocrx_word' id='word_1_266' title='bbox 806 3389 919 3447; x_wconf 90' lang='lat' dir='ltr'>pacem,</span> <span class='ocrx_word' id='word_1_267' title='bbox 943 3369 1034 3430; x_wconf 86' lang='lat' dir='ltr'>dicta.</span> 
     </span>
    </p>
   </div>
   <div class='ocr_carea' id='block_1_5' title="bbox 32 3555 1383 4798">
    <p class='ocr_par' dir='ltr' id='par_1_6' title="bbox 55 3555 1357 4379">
     <span class='ocr_line' id='line_1_31' title="bbox 142 3555 1356 3648; baseline 0.004 -26"><span class='ocrx_word' id='word_1_268' title='bbox 142 3556 209 3622; x_wconf 89' lang='lat' dir='ltr'>Sed</span> <span class='ocrx_word' id='word_1_269' title='bbox 220 3567 254 3622; x_wconf 91' lang='lat' dir='ltr'>ut</span> <span class='ocrx_word' id='word_1_270' title='bbox 270 3558 311 3622; x_wconf 88' lang='lat' dir='ltr'>ad</span> <span class='ocrx_word' id='word_1_271' title='bbox 324 3559 596 3623; x_wconf 88' lang='lat' dir='ltr'>continuationem</span> <span class='ocrx_word' id='word_1_272' title='bbox 610 3559 721 3645; x_wconf 88' lang='lat' dir='ltr'>scripti</span> <span class='ocrx_word' id='word_1_273' title='bbox 736 3555 832 3646; x_wconf 87' lang='lat' dir='ltr'>hujus</span> <span class='ocrx_word' id='word_1_274' title='bbox 843 3567 997 3639; x_wconf 86' lang='lat' dir='ltr'>revertar,</span> <span class='ocrx_word' id='word_1_275' title='bbox 1011 3558 1179 3623; x_wconf 89' lang='lat' dir='ltr'>sciendum</span> <span class='ocrx_word' id='word_1_276' title='bbox 1195 3568 1253 3644; x_wconf 87' lang='lat' dir='ltr'>est,</span> <span class='ocrx_word' id='word_1_277' title='bbox 1270 3559 1356 3648; x_wconf 90' lang='lat' dir='ltr'>quod</span> 
     </span>
     <span class='ocr_line' id='line_1_32' title="bbox 55 3662 1357 3750; baseline 0.002 -23"><span class='ocrx_word' id='word_1_278' title='bbox 55 3662 157 3750; x_wconf 90' lang='lat' dir='ltr'>paulo</span> <span class='ocrx_word' id='word_1_279' title='bbox 179 3665 361 3750; x_wconf 84' lang='lat' dir='ltr'>postoima</span> <span class='ocrx_word' id='word_1_280' title='bbox 384 3672 510 3750; x_wconf 90' lang='lat' dir='ltr'>tempus</span> <span class='ocrx_word' id='word_1_281' title='bbox 532 3663 562 3728; x_wconf 83' lang='lat' dir='ltr'>S.</span> <span class='ocrx_word' id='word_1_282' title='bbox 586 3663 717 3727; x_wconf 89' lang='lat' dir='ltr'>Martini</span> <span class='ocrx_word' id='word_1_283' title='bbox 739 3663 816 3728; x_wconf 86' lang='lat' dir='ltr'>anni</span> <span class='ocrx_word' id='word_1_284' title='bbox 843 3663 939 3750; x_wconf 89' lang='lat' dir='ltr'>hujus</span> <span class='ocrx_word' id='word_1_285' title='bbox 966 3663 1052 3730; x_wconf 80' lang='lat'>1524</span> <span class='ocrx_word' id='word_1_286' title='bbox 1072 3664 1226 3750; x_wconf 91' lang='lat' dir='ltr'>princeps</span> <span class='ocrx_word' id='word_1_287' title='bbox 1250 3662 1357 3730; x_wconf 81' lang='lat' dir='ltr'>Oaro-</span> 
     </span>
     <span class='ocr_line' id='line_1_33' title="bbox 56 3765 1357 3856; baseline 0.002 -25"><span class='ocrx_word' id='word_1_288' title='bbox 56 3768 111 3831; x_wconf 87' lang='lat' dir='ltr'>lus</span> <span class='ocrx_word' id='word_1_289' title='bbox 124 3769 312 3853; x_wconf 85' lang='lat' dir='ltr'>capitaneus</span> <span class='ocrx_word' id='word_1_290' title='bbox 327 3769 421 3852; x_wconf 91' lang='lat' dir='ltr'>regni</span> <span class='ocrx_word' id='word_1_291' title='bbox 436 3769 532 3831; x_wconf 88' lang='lat' dir='ltr'>etiam</span> <span class='ocrx_word' id='word_1_292' title='bbox 547 3789 589 3831; x_wconf 86' lang='lat' dir='ltr'>ex</span> <span class='ocrx_word' id='word_1_293' title='bbox 599 3765 769 3852; x_wconf 89' lang='lat' dir='ltr'>Hungaria</span> <span class='ocrx_word' id='word_1_294' title='bbox 783 3765 987 3848; x_wconf 88' lang='lat' dir='ltr'>advenerint,</span> <span class='ocrx_word' id='word_1_295' title='bbox 1000 3767 1054 3853; x_wconf 92' lang='lat' dir='ltr'>qui</span> <span class='ocrx_word' id='word_1_296' title='bbox 1067 3776 1241 3856; x_wconf 89' lang='lat' dir='ltr'>antequam</span> <span class='ocrx_word' id='word_1_297' title='bbox 1249 3770 1357 3856; x_wconf 91' lang='lat' dir='ltr'>Praga</span> 
     </span>
     <span class='ocr_line' id='line_1_34' title="bbox 56 3870 1356 3968; baseline 0.002 -31"><span class='ocrx_word' id='word_1_298' title='bbox 56 3871 102 3937; x_wconf 86' lang='lat' dir='ltr'>ad</span> <span class='ocrx_word' id='word_1_299' title='bbox 113 3871 317 3957; x_wconf 88' lang='lat' dir='ltr'>Hungariam</span> <span class='ocrx_word' id='word_1_300' title='bbox 328 3873 534 3958; x_wconf 84' lang='lat' dir='ltr'>perrexisset,</span> <span class='ocrx_word' id='word_1_301' title='bbox 551 3872 635 3935; x_wconf 92' lang='lat' dir='ltr'>inter</span> <span class='ocrx_word' id='word_1_302' title='bbox 647 3870 727 3935; x_wconf 88' lang='lat' dir='ltr'>haee</span> <span class='ocrx_word' id='word_1_303' title='bbox 742 3870 946 3935; x_wconf 90' lang='lat' dir='ltr'>incommoda</span> <span class='ocrx_word' id='word_1_304' title='bbox 958 3881 1176 3960; x_wconf 88' lang='lat' dir='ltr'>temperanter</span> <span class='ocrx_word' id='word_1_305' title='bbox 1191 3896 1226 3939; x_wconf 90' lang='lat' dir='ltr'>se</span> <span class='ocrx_word' id='word_1_306' title='bbox 1242 3876 1356 3968; x_wconf 81' lang='lat' dir='ltr'>gessit,</span> 
     </span>
     <span class='ocr_line' id='line_1_35' title="bbox 55 3975 1354 4063; baseline 0.002 -23"><span class='ocrx_word' id='word_1_307' title='bbox 55 3999 126 4041; x_wconf 90' lang='lat' dir='ltr'>non</span> <span class='ocrx_word' id='word_1_308' title='bbox 142 3975 314 4041; x_wconf 88' lang='lat' dir='ltr'>admittens</span> <span class='ocrx_word' id='word_1_309' title='bbox 329 3978 450 4063; x_wconf 89' lang='lat' dir='ltr'>pejora,</span> <span class='ocrx_word' id='word_1_310' title='bbox 474 3997 556 4062; x_wconf 88' lang='lat' dir='ltr'>quae</span> <span class='ocrx_word' id='word_1_311' title='bbox 579 3976 759 4060; x_wconf 90' lang='lat' dir='ltr'>Pragenses</span> <span class='ocrx_word' id='word_1_312' title='bbox 774 3983 806 4038; x_wconf 90' lang='lat' dir='ltr'>et</span> <span class='ocrx_word' id='word_1_313' title='bbox 823 3975 1114 4044; x_wconf 85' lang='lat' dir='ltr'>Parvo-Partenses</span> <span class='ocrx_word' id='word_1_314' title='bbox 1134 3988 1246 4044; x_wconf 87' lang='lat' dir='ltr'>contra</span> <span class='ocrx_word' id='word_1_315' title='bbox 1278 4000 1354 4044; x_wconf 91' lang='lat' dir='ltr'>suos</span> 
     </span>
     <span class='ocr_line' id='line_1_36' title="bbox 56 4079 1355 4167; baseline 0.003 -22"><span class='ocrx_word' id='word_1_316' title='bbox 56 4081 214 4146; x_wconf 85' lang='lat' dir='ltr'>concives</span> <span class='ocrx_word' id='word_1_317' title='bbox 232 4082 376 4146; x_wconf 85' lang='lat' dir='ltr'>severius</span> <span class='ocrx_word' id='word_1_318' title='bbox 399 4089 556 4146; x_wconf 87' lang='lat' dir='ltr'>attentare</span> <span class='ocrx_word' id='word_1_319' title='bbox 579 4079 766 4145; x_wconf 85' lang='lat' dir='ltr'>voluissent.</span> <span class='ocrx_word' id='word_1_320' title='bbox 804 4079 1050 4167; x_wconf 79' lang='lat' dir='ltr'>Quamprimum</span> <span class='ocrx_word' id='word_1_321' title='bbox 1073 4093 1181 4148; x_wconf 92' lang='lat' dir='ltr'>autem</span> <span class='ocrx_word' id='word_1_322' title='bbox 1204 4085 1239 4148; x_wconf 90' lang='lat' dir='ltr'>in</span> <span class='ocrx_word' id='word_1_323' title='bbox 1263 4083 1355 4149; x_wconf 89' lang='lat' dir='ltr'>Hun-</span> 
     </span>
     <span class='ocr_line' id='line_1_37' title="bbox 55 4183 1353 4275; baseline 0.004 -27"><span class='ocrx_word' id='word_1_324' title='bbox 55 4186 184 4271; x_wconf 88' lang='lat' dir='ltr'>gariam</span> <span class='ocrx_word' id='word_1_325' title='bbox 195 4186 353 4272; x_wconf 89' lang='lat' dir='ltr'>pervenit,</span> <span class='ocrx_word' id='word_1_326' title='bbox 363 4185 498 4269; x_wconf 90' lang='lat' dir='ltr'>rigidior</span> <span class='ocrx_word' id='word_1_327' title='bbox 508 4194 563 4249; x_wconf 90' lang='lat' dir='ltr'>aut</span> <span class='ocrx_word' id='word_1_328' title='bbox 578 4185 719 4248; x_wconf 90' lang='lat' dir='ltr'>strictior</span> <span class='ocrx_word' id='word_1_329' title='bbox 729 4184 835 4248; x_wconf 84' lang='lat' dir='ltr'>fectus</span> <span class='ocrx_word' id='word_1_330' title='bbox 848 4183 909 4248; x_wconf 92' lang='lat' dir='ltr'>fuit</span> <span class='ocrx_word' id='word_1_331' title='bbox 922 4184 962 4250; x_wconf 94' lang='lat' dir='ltr'>ob</span> <span class='ocrx_word' id='word_1_332' title='bbox 976 4187 1218 4273; x_wconf 88' lang='lat' dir='ltr'>instigationem</span> <span class='ocrx_word' id='word_1_333' title='bbox 1230 4188 1353 4275; x_wconf 91' lang='lat' dir='ltr'>episco-</span> 
     </span>
     <span class='ocr_line' id='line_1_38' title="bbox 55 4288 1355 4379; baseline 0.002 -25"><span class='ocrx_word' id='word_1_334' title='bbox 55 4311 185 4376; x_wconf 92' lang='lat' dir='ltr'>porum,</span> <span class='ocrx_word' id='word_1_335' title='bbox 211 4298 243 4354; x_wconf 94' lang='lat' dir='ltr'>et</span> <span class='ocrx_word' id='word_1_336' title='bbox 265 4288 400 4352; x_wconf 88' lang='lat' dir='ltr'>aliorum</span> <span class='ocrx_word' id='word_1_337' title='bbox 424 4289 624 4376; x_wconf 80' lang='lat' dir='ltr'>quorundam</span> <span class='ocrx_word' id='word_1_338' title='bbox 648 4288 812 4352; x_wconf 91' lang='lat' dir='ltr'>hominum</span> <span class='ocrx_word' id='word_1_339' title='bbox 835 4290 1046 4356; x_wconf 89' lang='lat' dir='ltr'>animantium</span> <span class='ocrx_word' id='word_1_340' title='bbox 1068 4292 1160 4357; x_wconf 91' lang='lat' dir='ltr'>illum</span> <span class='ocrx_word' id='word_1_341' title='bbox 1187 4295 1219 4357; x_wconf 88' lang='lat' dir='ltr'>et</span> <span class='ocrx_word' id='word_1_342' title='bbox 1233 4315 1355 4379; x_wconf 91' lang='lat' dir='ltr'>regem,</span> 
     </span>
    </p>

    <p class='ocr_par' dir='ltr' id='par_1_7' title="bbox 32 4395 1383 4798">
     <span class='ocr_line' id='line_1_39' title="bbox 32 4395 1350 4484; baseline -0.002 -21"><span class='ocrx_word' id='word_1_343' title='bbox 32 4442 37 4447; x_wconf 94' lang='lat'><em>-</em></span> <span class='ocrx_word' id='word_1_344' title='bbox 55 4399 144 4463; x_wconf 88' lang='lat' dir='ltr'>siout</span> <span class='ocrx_word' id='word_1_345' title='bbox 157 4396 244 4461; x_wconf 88' lang='lat' dir='ltr'>fama</span> <span class='ocrx_word' id='word_1_346' title='bbox 255 4396 297 4460; x_wconf 90' lang='lat' dir='ltr'>ad</span> <span class='ocrx_word' id='word_1_347' title='bbox 309 4418 367 4460; x_wconf 90' lang='lat' dir='ltr'>nos</span> <span class='ocrx_word' id='word_1_348' title='bbox 379 4396 440 4460; x_wconf 89' lang='lat' dir='ltr'>fuit</span> <span class='ocrx_word' id='word_1_349' title='bbox 452 4395 566 4478; x_wconf 90' lang='lat' dir='ltr'>delata,</span> <span class='ocrx_word' id='word_1_350' title='bbox 580 4405 614 4461; x_wconf 90' lang='lat' dir='ltr'>ut</span> <span class='ocrx_word' id='word_1_351' title='bbox 625 4395 826 4460; x_wconf 89' lang='lat' dir='ltr'>Lutheranos</span> <span class='ocrx_word' id='word_1_352' title='bbox 840 4395 935 4482; x_wconf 89' lang='lat' dir='ltr'>(quos</span> <span class='ocrx_word' id='word_1_353' title='bbox 950 4417 1061 4460; x_wconf 92' lang='lat' dir='ltr'>omnes</span> <span class='ocrx_word' id='word_1_354' title='bbox 1077 4396 1168 4479; x_wconf 89' lang='lat' dir='ltr'>tales,</span> <span class='ocrx_word' id='word_1_355' title='bbox 1183 4397 1238 4484; x_wconf 91' lang='lat' dir='ltr'>qui</span> <span class='ocrx_word' id='word_1_356' title='bbox 1247 4396 1350 4461; x_wconf 90' lang='lat' dir='ltr'>liben-</span> 
     </span>
     <span class='ocr_line' id='line_1_40' title="bbox 60 4498 1355 4589; baseline -0.002 -23"><span class='ocrx_word' id='word_1_357' title='bbox 60 4512 112 4567; x_wconf 93' lang='lat' dir='ltr'>ter</span> <span class='ocrx_word' id='word_1_358' title='bbox 132 4523 268 4589; x_wconf 89' lang='lat' dir='ltr'>praeces</span> <span class='ocrx_word' id='word_1_359' title='bbox 291 4499 333 4564; x_wconf 89' lang='lat' dir='ltr'>ad</span> <span class='ocrx_word' id='word_1_360' title='bbox 347 4500 523 4564; x_wconf 91' lang='lat' dir='ltr'>Dominum</span> <span class='ocrx_word' id='word_1_361' title='bbox 534 4501 641 4566; x_wconf 89' lang='lat' dir='ltr'>Deum</span> <span class='ocrx_word' id='word_1_362' title='bbox 664 4498 832 4574; x_wconf 87' lang='lat' dir='ltr'>fudissent,</span> <span class='ocrx_word' id='word_1_363' title='bbox 856 4498 961 4563; x_wconf 92' lang='lat' dir='ltr'>eidem</span> <span class='ocrx_word' id='word_1_364' title='bbox 975 4498 1035 4564; x_wconf 90' lang='lat' dir='ltr'>soli</span> <span class='ocrx_word' id='word_1_365' title='bbox 1056 4499 1186 4586; x_wconf 91' lang='lat' dir='ltr'>placere</span> <span class='ocrx_word' id='word_1_366' title='bbox 1203 4509 1235 4564; x_wconf 94' lang='lat' dir='ltr'>et</span> <span class='ocrx_word' id='word_1_367' title='bbox 1249 4499 1355 4585; x_wconf 91' lang='lat' dir='ltr'>legem</span> 
     </span>
     <span class='ocr_line' id='line_1_41' title="bbox 57 4602 1353 4695; baseline -0.003 -24"><span class='ocrx_word' id='word_1_368' title='bbox 57 4608 129 4695; x_wconf 91' lang='lat' dir='ltr'>ejus</span> <span class='ocrx_word' id='word_1_369' title='bbox 148 4605 290 4671; x_wconf 90' lang='lat' dir='ltr'>fideliter</span> <span class='ocrx_word' id='word_1_370' title='bbox 313 4626 444 4669; x_wconf 89' lang='lat' dir='ltr'>servare</span> <span class='ocrx_word' id='word_1_371' title='bbox 467 4605 656 4686; x_wconf 86' lang='lat' dir='ltr'>voluissent,</span> <span class='ocrx_word' id='word_1_372' title='bbox 680 4605 725 4667; x_wconf 90' lang='lat' dir='ltr'>ita</span> <span class='ocrx_word' id='word_1_373' title='bbox 746 4602 970 4690; x_wconf 90' lang='lat' dir='ltr'>nominabant)</span> <span class='ocrx_word' id='word_1_374' title='bbox 994 4605 1029 4667; x_wconf 89' lang='lat' dir='ltr'>in</span> <span class='ocrx_word' id='word_1_375' title='bbox 1051 4625 1152 4689; x_wconf 90' lang='lat' dir='ltr'>regno</span> <span class='ocrx_word' id='word_1_376' title='bbox 1175 4602 1353 4668; x_wconf 88' lang='lat' dir='ltr'>existentes</span> 
     </span>
     <span class='ocr_line' id='line_1_42' title="bbox 60 4695 1383 4798; baseline -0.011 -20"><span class='ocrx_word' id='word_1_377' title='bbox 60 4711 230 4798; x_wconf 88' lang='lat' dir='ltr'>exstirpet,</span> <span class='ocrx_word' id='word_1_378' title='bbox 267 4717 298 4774; x_wconf 89' lang='lat' dir='ltr'>et</span> <span class='ocrx_word' id='word_1_379' title='bbox 318 4710 354 4774; x_wconf 92' lang='lat' dir='ltr'>in</span> <span class='ocrx_word' id='word_1_380' title='bbox 375 4707 512 4774; x_wconf 90' lang='lat' dir='ltr'>nihilum</span> <span class='ocrx_word' id='word_1_381' title='bbox 533 4707 662 4796; x_wconf 86' lang='lat' dir='ltr'>redigat</span> <span class='ocrx_word' id='word_1_382' title='bbox 684 4695 785 4775; x_wconf 80' lang='lat' dir='ltr'>v¹erbo</span> <span class='ocrx_word' id='word_1_383' title='bbox 808 4715 842 4774; x_wconf 90' lang='lat' dir='ltr'>et</span> <span class='ocrx_word' id='word_1_384' title='bbox 868 4714 1037 4798; x_wconf 79' lang='lat' dir='ltr'>potestate</span> <span class='ocrx_word' id='word_1_385' title='bbox 1056 4709 1165 4792; x_wconf 73' lang='lat' dir='ltr'>regia.</span> <span class='ocrx_word' id='word_1_386' title='bbox 1199 4704 1277 4768; x_wconf 61' lang='lat' dir='ltr'>ine</span> <span class='ocrx_word' id='word_1_387' title='bbox 1293 4721 1383 4766; x_wconf 71' lang='lat' dir='ltr'>nero</span> 
     </span>
    </p>
   </div>
   <div class='ocr_carea' id='block_1_6' title="bbox 0 0 1479 5040">
    <p class='ocr_par' dir='ltr' id='par_1_8' title="bbox 0 0 1479 5040">
     <span class='ocr_line' id='line_1_43' title="bbox 0 0 1479 5040; baseline 0 0"><span class='ocrx_word' id='word_1_388' title='bbox 0 0 1479 5040; x_wconf 95' lang='lat' dir='ltr'> </span> 
     </span>
    </p>
   </div>
  </div>
 </body>
</html>
