2948 5040
132 327 252 403 accidit
273 339 361 404 socio
384 339 462 404 artis
484 335 641 426 pictoriae
654 337 828 422 Germano,
850 338 907 424 qui
922 339 957 403 in
972 334 1111 403 ecclesia
1126 345 1257 405 sanctae
1266 335 1434 407 Barbarae

130 438 217 529 apud
230 441 262 508 S.
271 442 483 508 Franciscum
495 443 609 529 inipso
631 441 714 507 festo
736 441 842 507 fuerat
865 441 908 526 (4.
921 442 993 509 Oct.
1009 439 1118 530 1524),
1142 441 1198 509 ubi
1220 440 1355 531 quidam
1367 464 1434 509 mo-

132 544 256 611 nachus
268 539 394 612 fabulas
417 546 458 611 de
473 555 585 613 sancta
595 545 742 612 Barbara
755 547 915 634 exposuit,
939 554 971 610 et
983 545 1058 610 dum
1070 554 1145 634 post
1158 546 1243 611 hanc
1256 545 1435 612 dictionem

130 754 238 839 potius
248 747 436 841 scripturam
454 777 578 820 sacram
592 754 711 842 populo
724 755 875 842 explicet.
896 753 1076 820 Monachus
1085 776 1163 820 vero
1174 753 1232 820 ille
1245 752 1435 843 exemplum

129 855 250 922 malum
272 858 431 946 praebuit,
450 858 559 926 verbis
585 857 712 925 acerbis
738 881 811 924 eum
840 857 979 946 excepit,
1001 857 1139 946 populus
1162 865 1270 922 cutem
1294 855 1435 923 audiens

130 960 211 1026 liaeo
219 964 305 1049 cepit
314 962 481 1051 pictorem,
496 965 625 1029 nomine
636 961 848 1046 Ludovic-um,
869 971 900 1027 et
917 962 1007 1027 illum
1020 962 1143 1027 carceri
1161 961 1327 1051 imposuit.
1346 950 1434 1026 Tan-

131 1060 206 1130 dem
217 1065 312 1132 brevi
324 1062 461 1155 quadam
474 1067 527 1133 die
539 1090 582 1133 ex
594 1066 779 1133 carceribus
793 1067 975 1132 eduxerunt
986 1067 1148 1152 quendam
1160 1065 1319 1132 Joannem
1332 1063 1434 1132 Kale·

130 1177 211 1235 neon
227 1171 423 1254 cultrarium,
441 1193 461 1236 a
483 1194 545 1257 quo
562 1172 678 1237 fratres
694 1171 825 1257 quidam
837 1171 924 1256 fidei,
946 1193 1049 1258 parva
1068 1173 1172 1260 portio
1184 1171 1301 1258 dietae,
1316 1172 1433 1241 funda·

130 1281 240 1340 menta
262 1280 483 1362 susceperunt,
508 1284 539 1340 et
560 1274 691 1357 habent,
715 1273 780 1361 qui,
803 1283 839 1341 ut
861 1275 988 1357 dicitur,
1020 1273 1095 1341 ideo
1117 1276 1338 1343 incarceratus
1362 1272 1433 1365 luit,

132 1378 220 1466 qiiod
242 1373 330 1444 doi'rti
350 1381 437 1463 suae,
463 1373 611 1467 sibiipsi
634 1388 665 1444 et
687 1364 829 1445 familiae
853 1402 931 1446 suae
961 1389 1196 1446 sacramentum
1220 1379 1378 1470 Corporis
1400 1394 1434 1451 et

136 1478 312 1570 Sanguinis
333 1482 458 1550 'Christi
480 1505 499 1548 a
522 1506 557 1548 se
579 1493 806 1550 consecratum
836 1486 1028 1573 porrexerit,
1050 1483 1106 1551 ubi
1129 1506 1203 1550 cum
1226 1485 1339 1553 eodem
1365 1490 1433 1576 pic·

130 1588 234 1676 td‘r‘em
256 1572 348 1652 illuin
372 1589 468 1652 'etiam
501 1587 543 1652 ad
565 1587 741 1653 numellam
775 1589 967 1673 eduxerunt,
1001 1589 1057 1655 ille
1079 1582 1245 1656 Kalenecz
1278 1591 1433 1678 virgatas

129 1677 199 1787 litt,
223 1691 254 1756 st
277 1691 426 1779 stigmate
447 1693 555 1756 inusto
578 1693 612 1759 in
634 1691 727 1776 facie,
762 1715 827 1759 una
850 1715 923 1760 cum
945 1695 1070 1782 pictore
1097 1718 1139 1760 ex
1162 1694 1294 1761 civitate
1318 1686 1432 1762 educti

130 1787 270 1861 fastum.
1401 1819 1404 1825 ·

212 1881 392 1983 ilalen‘ecn
427 1894 503 1966 dum
533 1903 603 1989 jam
626 1911 720 1968 extra
753 1902 918 1968 civitatem
950 1897 1076 1987 luisset,
1114 1898 1370 1970 admonitionem
1395 1916 1430 1973 et

130 2003 318 2071 dbir‘cio'iiein
343 1990 528 2072 'ferientem
551 2006 593 2071 ad
624 2009 778 2097 populum
802 2011 1064 2074 circumstantem
1087 1994 1172 2090 lecit,
1211 2002 1264 2074 cui
1286 2000 1430 2097 populus

128 2101 300 2206 pecuniam
320 2108 474 2194 ‘magnam
498 2111 651 2197 elargitus
674 2111 743 2196 first,
768 2135 865 2198 quam
884 2100 942 2176 'ille
966 2108 1074 2175 statim
1097 2112 1131 2176 in
1155 2135 1196 2177 eo
1223 2106 1430 2203 locopaupe·

128 2196 218 2279 ribus
235 2202 396 2299 ‘elargitus
413 2199 481 2279 'luit
516 2238 555 2279 ac
578 2208 752 2300 distribuit,
787 2216 919 2281 tandem
942 2237 1016 2280 eum
1039 2214 1094 2280 illo
1122 2217 1246 2303 pictore
1269 2210 1431 2285 discessit,

218 2295 272 2382 la
289 2297 475 2402 ‘pragenses
499 2339 573 2382 cum
596 2310 782 2384 doctoribus
820 2329 853 2385 et
872 2319 1039 2407 prophetis
1077 2320 1143 2383 suis
1173 2318 1330 2406 populum
1353 2309 1430 2388 Pra-

130 2422 265 2510 osacen
286 2414 329 2486 'nd
344 2407 448 2486 'idem
471 2421 680 2487 christianam
704 2422 875 2504 duxerunt,
913 2443 1031 2509 nempe
1054 2445 1113 2509 per
1136 2422 1332 2506 carnificem,
1374 2450 1429 2515 ap·

129 2527 314 2614 petitorem,
336 2534 396 2612 por
418 2547 575 2609 carceres,
599 2536 631 2591 ct
654 2526 733 2592 alias
758 2529 864 2592 varias
887 2528 1132 2615 persecutiones
1156 2529 1226 2592 sine
1250 2525 1363 2594 debito
1388 2540 1426 2596 ct

130 2621 276 2694 ordinato
300 2630 450 2693 'examine
486 2637 517 2693 et
533 2630 622 2716 justo
653 2630 800 2714 judici03
835 2633 881 2696 ita
904 2632 991 2696 enim
1015 2639 1091 2695 tunc
1113 2630 1308 2716 quibusdam
1331 2633 1425 2700 dixe·

129 2739 213 2815 t'upt,
237 2728 322 2820 quod
345 2740 422 2797 tunc
438 2735 494 2820 jus
517 2732 641 2799 viribus
664 2735 855 2801 destitutum
889 2737 940 2818 sit,
976 2737 1024 2799 sic
1059 2737 1155 2800 etiam
1173 2737 1311 2823 justitia,
1351 2739 1428 2804 inde

132 2830 195 2903 sibi
217 2838 297 2923 ipsis
320 2835 473 2921 injuriam
495 2836 703 2906 attrahentes.

215 2940 334 3006 Festus
357 2945 526 3028 po's'sessor
553 2945 696 3028 regionis
726 2943 880 3031 judaicae
914 2962 1083 3008 successor
1107 2943 1259 3009 Caesaris
1291 2937 1425 3011 dicebat

54 3054 56 3058 ’
128 3040 263 3112 ludaeis
285 3046 321 3110 i'n
342 3034 545 3129 Jerusalem,
576 3056 686 3134 utpote
715 3047 893 3113 insidiariis
930 3055 962 3112 et
995 3045 1085 3112 falsis
1119 3049 1364 3114 accusatoribus
1392 3050 1423 3117 S.

129 3145 231 3232 Pauli,
255 3149 337 3214 haee
360 3145 478 3215 verba:
502 3144 589 3234 quod
611 3149 809 3218 consuetudo
833 3148 920 3238 apud
942 3145 1105 3216 Romanos
1129 3154 1265 3237 nonsit,
1289 3157 1326 3219 ut
1349 3177 1423 3222 con·

129 3260 276 3319 temnant
293 3250 461 3319 ‘hominem
476 3262 508 3318 et
520 3254 745 3337 condemnent,
769 3264 942 3341 antequam
965 3246 1042 3335 ille,
1055 3258 1109 3344 qui
1130 3266 1310 3341 accusatur,
1334 3281 1425 3346 prae-

132 3368 241 3425 s'c'ntes
263 3358 384 3424 habeat
406 3365 620 3443 accusatores,
645 3368 677 3426 et
700 3368 875 3449 antequam
897 3359 988 3426 locus
1011 3360 1060 3427 illi
1083 3360 1282 3426 defensionis
1306 3372 1340 3428 ct
1362 3363 1426 3429 cul·

131 3470 194 3552 pat
215 3463 431 3531 ‘absolutionis
446 3465 646 3550 assignetur.

215 3565 318 3634 Nota:
354 3566 440 3654 quod
474 3568 613 3654 gentiles
647 3592 712 3635 non
735 3569 933 3635 attenderint
960 3592 1127 3657 personas,
1165 3593 1226 3635 nec
1250 3569 1316 3635 vim
1335 3570 1423 3657 juris

132 3670 366 3754 imminuerint,
390 3668 449 3736 sed
472 3673 555 3738 sicut
577 3682 727 3761 respectu
751 3697 891 3754 suorum,
928 3675 974 3739 ita
1007 3685 1040 3742 et
1064 3666 1242 3740 alienorum
1261 3666 1424 3762 justitiam

130 3765 443 3842 bdministrtb'eritit.

669 3965 816 4032 CAPUT
837 3969 887 4033 23.

132 4075 192 4137 Ubi
212 4082 342 4151 notatur,
365 4079 444 4154 quod
466 4079 594 4139 lemures
618 4077 766 4151 nocturni,
789 4077 875 4152 qnasi
899 4076 1034 4135 homines
1064 4077 1172 4136 armati
1200 4077 1425 4137 obambulatores

126 4161 220 4239 judici
244 4163 354 4224 Burzik
377 4184 410 4224 se
432 4163 678 4236 monstraveriut3
702 4171 730 4221 et
753 4166 832 4240 quod
843 4164 1053 4221 baccalaureus
1077 4165 1114 4222 ab
1128 4164 1209 4223 Albo
1227 4164 1329 4223 Leone
1346 4166 1425 4242 apud

131 4268 231 4327 regern
254 4250 357 4328 egerit,
379 4260 412 4311 ut
426 4253 605 4312 Pickhartae
628 4250 825 4326 expellantur,
839 4256 867 4308 et
887 4251 955 4308 dum
978 4250 1147 4325 redivisset,
1169 4251 1303 4309 nuntium
1316 4251 1424 4312 attulit.

214 4436 277 4501 His
294 4437 414 4501 iterum
437 4438 636 4523 temporibus
659 4445 763 4502 terror
784 4436 894 4500 varius
926 4433 998 4500 illos
1020 4436 1150 4518 invasit,
1180 4444 1216 4500 ut
1236 4457 1300 4501 nee
1323 4438 1426 4503 scive-

129 4543 204 4624 rint,
227 4562 309 4628 quae
332 4561 429 4626 agere
451 4538 601 4608 debeant.
625 4542 862 4627 Argumentum
885 4538 980 4627 hujus
1002 4539 1071 4622 fuit,
1085 4537 1171 4627 quod
1184 4539 1323 4626 quodam
1346 4550 1426 4606 tcm-

130 4652 209 4733 p'o'ro
220 4644 389 4711 Mathaeus
401 4643 533 4728 Burnik,
541 4645 647 4733 judex
656 4643 925 4728 Neo-Pragensis,
940 4644 1068 4730 vesperi
1081 4652 1154 4731 post
1176 4643 1252 4708 solis
1275 4663 1427 4710 occasum

116 4751 229 4825 paors
263 4749 388 4817 crutam
421 4745 707 4838 Neo-Ptsgensem
731 4747 857 4832 stiterit,
893 4746 950 4813 ubi
981 4747 1160 4815 abeodem
1182 4747 1245 4814 visi
1270 4755 1346 4814 sunt
1368 4749 1427 4816 cir·
