2948 5040
119 330 200 396 alios
222 328 340 397 multos
362 331 397 395 in
415 331 541 418 judicio
566 331 716 414 stiterint,
738 336 899 418 potestate
930 331 964 394 in
986 329 1060 396 illos
1082 338 1221 414 utentes,
1244 329 1286 396 de
1309 329 1426 397 iisdem

118 434 204 502 male
239 436 431 522 scripserint
464 434 525 500 sub
565 433 684 520 sigillis
713 433 968 521 promulgantes,
1005 444 1036 498 et
1069 443 1262 500 accusantes
1285 433 1373 519 illos,
1398 445 1426 501 et

119 541 250 632 judices
272 540 402 605 illorum
425 540 562 625 egerint,
586 538 685 604 etita
719 560 774 603 eos
810 538 1041 626 superaverint,
1070 539 1217 606 volentes
1247 541 1425 628 obstruere,

122 653 154 710 et
173 643 332 733 impedire
355 665 449 708 omne
466 645 522 730 jus
558 651 591 706 et
625 641 782 724 ordinem,
809 651 845 706 ut
877 665 994 729 nempe
1032 642 1161 709 illorum
1178 647 1370 732 Juramento
1395 658 1424 714 et

122 749 240 835 sigillo,
264 770 327 836 quo
360 746 506 813 indebite
539 747 574 811 in
598 747 657 810 tali
680 747 852 811 occasione
892 746 1074 830 utebantur,
1109 757 1141 814 et
1174 752 1272 817 etiam
1303 752 1418 818 multi·

119 853 225 920 tudini
247 853 288 918 de
311 853 541 917 communitate
564 851 635 914 sine
658 848 769 915 debita
791 851 982 939 probatione
1005 851 1080 940 plus
1103 854 1300 941 crederetur,
1326 881 1424 945 quam

119 980 219 1047 purae
249 957 406 1045 justitiae.
450 957 564 1042 Neque
596 954 700 1019 solum
733 963 905 1043 antequam
936 956 1045 1022 literas
1076 960 1247 1038 misissent,
1290 965 1420 1029 certitu·

120 1063 231 1131 dinem
266 1063 428 1151 quandam
462 1063 584 1127 rescire
616 1059 807 1148 potuissent,
840 1069 871 1126 et
900 1070 1086 1148 potuerunt,
1110 1063 1168 1129 sed
1206 1087 1269 1130 nec
1303 1076 1421 1154 postea

123 1167 267 1257 unquam
305 1168 338 1232 id
366 1174 490 1232 rectum
513 1167 643 1232 efficere
665 1174 847 1251 potuerunt.
891 1165 934 1230 Et
967 1168 1039 1254 quis
1062 1190 1127 1232 non
1149 1169 1322 1257 intelliget,
1350 1171 1425 1260 quid

120 1273 240 1340 bacin
274 1283 367 1359 parte
394 1273 520 1359 justum
552 1279 607 1335 aut
628 1271 785 1357 injustum
808 1269 876 1334 sit?
913 1279 944 1335 61
967 1271 1053 1358 quod
1087 1275 1147 1356 vis,
1177 1274 1371 1360 infidelitas,
1394 1284 1424 1341 et

122 1376 303 1460 conjuratio
337 1376 422 1440 inter
452 1373 525 1439 illos
564 1373 822 1457 dominabantur,
864 1383 974 1440 contra
1011 1399 1090 1463 quos
1120 1380 1295 1445 renitentia
1318 1379 1425 1446 locum

122 1502 188 1546 non
222 1479 371 1562 obtinuit,
405 1477 464 1543 sed
486 1501 518 1543 a·
536 1479 633 1545 rebus
672 1478 833 1545 similibus
867 1479 939 1545 loco
970 1487 1115 1560 obtento,
1138 1482 1227 1549 nulla
1249 1485 1427 1551 concordia

123 1608 184 1652 nec
212 1587 343 1674 justitia
373 1586 517 1651 residere
557 1592 673 1671 potest.
717 1584 761 1650 Et
796 1584 869 1650 ideo
908 1585 948 1650 de
981 1585 1100 1651 talibus
1132 1585 1287 1652 indebitis
1322 1589 1425 1655 literis

125 1692 251 1779 scripsi,
287 1699 318 1755 et
352 1712 483 1756 sensum
520 1689 649 1755 illarum
684 1689 770 1755 clare
804 1691 951 1777 apposui,
976 1692 1052 1777 quia
1074 1691 1165 1757 multi
1188 1692 1308 1758 deinde
1333 1693 1422 1761 leves

124 1795 271 1862 homines
294 1817 362 1860 rem
387 1795 635 1861 considerarunt
658 1795 814 1878 dicentes,
838 1796 1053 1881 incongruum
1076 1820 1158 1880 esse,
1181 1804 1217 1862 ut
1239 1797 1427 1885 Pragenses

123 1922 192 1966 rem
214 1903 374 1966 incertam
396 1900 550 1984 scribant,
575 1909 606 1966 et
629 1899 738 1986 sigilla
761 1923 820 1966 sua
842 1902 1036 1987 opprimant,
1062 1902 1145 1966 sicut
1167 1924 1325 1969 successu
1347 1913 1424 1971 tem·

126 2009 214 2094 poris
237 2005 504 2092 cognoscebatur,
529 2006 607 2093 quid
630 2028 765 2094 cuprum
788 2006 842 2072 vel
865 2028 978 2071 aurum
1003 2010 1053 2072 sit.

210 2115 249 2180 In
273 2117 413 2181 crastino
425 2136 512 2201 orgo,
525 2115 578 2179 die
590 2116 743 2180 mercurii
766 2115 797 2181 S.
809 2115 986 2199 Laurentii,
1011 2115 1068 2204 (10
1083 2116 1166 2201 Aug.
1183 2114 1427 2202 1566666616

122 2221 297 2307 Pragensis
310 2242 384 2285 cum
396 2220 578 2285 senioribus
588 2220 827 2285 communitatis
840 2228 906 2284 tam
918 2222 1091 2303 numerosi,
1105 2223 1188 2286 sicut
1196 2226 1292 2284 antea
1307 2219 1428 2286 factum

123 2324 229 2391 denuo
242 2333 465 2394 convenerunt
477 2325 510 2389 in
521 2326 619 2407 curia,
644 2334 676 2389 et
685 2323 947 2392 deliberaverunt
956 2349 1053 2414 super
1063 2349 1182 2404 casum,
1207 2325 1261 2412 qui
1279 2325 1424 2412 contigit,

122 2439 155 2495 et
177 2431 316 2495 citantes
340 2429 497 2516 quosdam
521 2429 562 2494 de
586 2428 713 2494 clericis
738 2438 769 2495 et
791 2431 952 2516 parochis,
985 2431 1151 2509 fratribus,
1173 2451 1293 2516 nempe
1316 2451 1421 2495 sacer·

123 2535 231 2599 dotem
253 2532 429 2599 Martinum
453 2555 495 2598 ex
516 2533 708 2600 Bethlehem
732 2557 805 2600 cum
828 2535 901 2600 aliis
923 2557 987 2600 non
1013 2535 1139 2622 pridem
1151 2558 1193 2599 ex
1207 2535 1289 2602 urbe
1313 2536 1423 2604 deces-

123 2639 177 2716 sis,
214 2637 410 2715 sacerdotes,
433 2637 663 2706 Wenceslaum
685 2640 868 2706 Parocbum
890 2639 931 2705 ad
955 2640 985 2705 S.
1012 2641 1152 2724 Gallum,
1176 2641 1315 2706 Paulum
1352 2667 1372 2708 a
1395 2643 1425 2709 S.

123 2741 301 2825 Michaele,
324 2742 498 2808 Martinum
522 2743 563 2809 de
596 2744 787 2832 Opatowitz,
821 2744 981 2810 Joannem
1023 2745 1158 2810 Stirussi
1195 2746 1375 2825 seniorum,
1400 2756 1428 2813 et

123 2846 205 2912 alios
228 2846 420 2936 complures,
443 2856 540 2936 atque
564 2872 606 2914 ex
639 2851 772 2915 civitate
805 2849 896 2915 abire
923 2851 1099 2937 jusserunt
1132 2871 1196 2933 ece,
1233 2849 1350 2916 eadem
1372 2853 1427 2918 ad·

123 2952 187 3018 huc
210 2952 263 3018 die
285 2961 360 3018 ante
393 2938 544 3020 occasum
579 2954 666 3038 solis,
703 2957 796 3043 cujus
819 2954 909 3020 nulla
932 2954 996 3020 alia
1025 2977 1124 3019 causa
1153 2962 1185 3018 et
1223 2954 1319 3044 culpa
1359 2956 1426 3032 fuit,

128 3080 225 3147 quam
245 3057 330 3145 quod
352 3058 507 3145 populum
522 3058 662 3125 fideliter
679 3062 777 3147 juxta
799 3060 906 3146 legem
929 3060 994 3125 Dei
1018 3059 1197 3142 docuerint,
1221 3067 1253 3122 et
1286 3060 1423 3126 honeste

130 3165 283 3230 vixerint.

217 3269 367 3335 Tandem
391 3270 538 3356 sequenti
561 3268 614 3333 die
637 3269 775 3335 Veneris
789 3270 929 3335 citarunt
940 3271 1055 3334 iterum
1080 3268 1244 3356 quendam
1263 3267 1305 3332 de
1317 3268 1430 3334 eodem

132 3395 266 3439 numero
288 3374 323 3437 in
347 3375 480 3458 curiam,
506 3397 643 3462 eumque
666 3373 713 3439 ibi
736 3373 954 3457 detinuerunt,
977 3396 1079 3461 usque
1104 3372 1145 3438 ad
1181 3373 1267 3438 diem
1290 3371 1430 3438 Exalta·

124 3480 222 3544 tionis
256 3477 286 3544 S.
301 3477 425 3562 Crucis,
448 3486 545 3565 atque
567 3479 624 3544 illa
645 3479 698 3544 die
721 3502 794 3544 eum
824 3480 931 3565 Praga
974 3481 1056 3544 siout
1089 3478 1170 3544 alios
1193 3476 1429 3564 praecedentes

126 3593 199 3650 ante
221 3605 371 3649 occasum
394 3583 471 3648 solis
494 3583 584 3649 abire
602 3586 778 3672 jusserunt.
823 3585 875 3649 De
914 3584 976 3649 hoc
998 3583 1155 3649 monacho
1193 3582 1301 3666 crede,
1339 3583 1429 3648 illum

124 3689 278 3757 habuisse
321 3687 406 3753 dona
439 3689 513 3754 Dei.
557 3689 655 3754 Venit
688 3689 744 3754 ille
768 3689 809 3754 de
841 3689 976 3775 regione
1005 3690 1172 3754 Teutonico
1194 3688 1314 3752 missus
1338 3710 1360 3751 a
1384 3709 1429 3751 se·

126 3794 273 3859 nioribus
297 3793 364 3858 suis
388 3793 429 3858 ad
453 3796 684 3859 monasterium
707 3794 992 3880 Micro·Pragense
1016 3794 1049 3858 S.
1072 3792 1235 3876 Thomae3
1258 3791 1313 3856 hic
1337 3813 1431 3878 prae·

128 3896 250 3963 dicavit
292 3901 467 3980 germanice
508 3920 633 3963 sacram
679 3899 869 3984 scripturam
914 3896 1090 3962 secundum
1135 3896 1242 3981 legem
1280 3894 1427 3962 divinam

127 4000 268 4066 fideliter
291 4001 441 4087 exemplo
464 4002 600 4067 aliorum
622 4002 767 4068 fidelium
806 4004 1071 4068 concionatorum
1107 4009 1202 4088 (quos
1225 4000 1277 4064 his
1302 4008 1422 4088 tempo-

131 4106 222 4172 ribus
244 4107 428 4192 Pragenses
467 4107 577 4173 etalii
599 4106 701 4190 multi,
739 4115 804 4171 tam
829 4105 1013 4188 Christiani,
1039 4128 1134 4192 quam
1146 4104 1325 4171 Lutherani
1348 4104 1428 4169 vitu·

128 4218 296 4298 pararunt)
320 4209 438 4293 docuit,
462 4219 494 4275 et
517 4211 648 4299 scripsit
668 4209 777 4275 multis
800 4209 1010 4296 temporibus,
1034 4208 1216 4296 perducens
1246 4209 1429 4275 Germanos

130 4322 161 4379 et
184 4313 265 4379 alios
287 4314 450 4380 Romanos
473 4314 514 4379 ad
553 4315 701 4380 notitiam
724 4314 806 4400 legis
830 4313 959 4380 divinae
984 4323 1014 4377 et
1047 4316 1191 4380 veritatis
1220 4314 1289 4401 ejus
1335 4316 1431 4381 etiam

128 4417 327 4506 persuadens
349 4419 391 4484 ad
415 4419 631 4506 sumptionem
668 4418 869 4484 Sacramenti
894 4416 1049 4505 Corporis
1087 4428 1118 4483 et
1156 4417 1331 4504 Sanguinis
1373 4418 1430 4484 sub

128 4533 264 4612 utraque
287 4523 405 4610 specie,
445 4533 477 4589 et
499 4522 732 4590 demonstravit
766 4524 886 4589 falsum
911 4523 1029 4609 dogma
1060 4533 1091 4588 et
1114 4523 1293 4589 doctrinam
1325 4546 1428 4613 papa·

129 4628 193 4694 lem
229 4650 301 4692 esse
336 4626 545 4711 Antichristi,
570 4637 602 4694 et
624 4630 693 4715 ejus
718 4629 924 4716 sequacium,
963 4629 1008 4692 ita
1031 4628 1180 4714 quidem,
1216 4628 1302 4716 quod
1332 4629 1432 4716 priori

128 4741 161 4797 et
196 4732 346 4801 omnibus
370 4731 537 4802 monachis
559 4734 594 4799 in
617 4731 680 4800 hoc
715 4736 913 4801 monasterio
955 4754 1074 4800 exosus
1097 4733 1201 4800 lactus
1230 4734 1344 4818 fuerit,
1379 4733 1432 4823 qui
