2948 5040
1282 158 1348 234 tto

52 330 200 400 civium
227 330 321 401 tarto
352 331 491 418 ablatae,
529 352 624 423 quam
659 331 792 424 quidam
826 333 975 401 homines
1007 336 1157 422 perversi
1195 335 1353 404 exauria

53 437 269 524 abstulerunt,
303 440 360 527 qui
382 440 474 524 civis,
498 442 646 529 quamvis
665 462 689 506 a
710 442 812 507 variis
835 440 949 506 amicis
971 437 1155 507 admonitus
1176 440 1290 521 fuerit,
1313 461 1356 506 ne

55 542 175 611 urbem
208 543 317 628 intret,
347 542 482 610 obedire
517 542 631 630 noluit,
667 544 790 629 dicens,
815 566 850 610 se
872 547 1080 611 innocentem
1104 567 1187 629 esse,
1213 554 1356 612 attamen

52 647 200 715 innam.
245 646 393 714 Tandem
417 648 487 714 sine
511 658 603 714 m'ora
624 648 907 738 apprehendentes
928 649 1021 715 illurn
1056 651 1146 715 cives
1168 651 1355 717 carceribus

53 773 132 819 eum
153 752 365 831 incluserunt,
389 761 422 819 et
439 755 516 819 'sine
538 755 627 819 omni
648 753 759 821 debito
784 756 936 820 examine
957 752 1050 820 illum
1078 756 1154 843 jure
1177 754 1266 820 civili
1288 756 1353 843 pri·

53 865 183 941 rantes,
206 857 352 923 carnifici
384 855 434 931 ad.
459 856 674 945 torquendum
697 858 909 943 tradiderunt,
948 860 1061 946 quiin
1099 859 1284 925 carceribus
1324 869 1356 925 et

52 961 188 1053 publice
219 962 266 1028 ita
296 969 398 1028 tortus
430 961 500 1047 fuit,
524 963 611 1051 quod
633 972 737 1030 morte
759 964 850 1031 obire
884 962 1042 1043 debuerit,
1064 963 1147 1029 nihil
1170 971 1278 1029 tamen
1313 962 1356 1030 ab

55 1067 118 1134 illo
138 1067 260 1133 rescire
281 1074 462 1154 potuerunt.
507 1067 585 1132 Post
617 1067 741 1157 aliquot
776 1068 908 1135 tandem
936 1062 1045 1135 ¹annos
1076 1071 1182 1157 primo
1206 1070 1357 1136 rescive-

58 1182 138 1240 runt
171 1171 212 1238 de
235 1172 299 1238 alio
322 1171 379 1237 tali
411 1171 628 1241 malefactore.
674 1173 761 1256 Quid
792 1175 909 1240 iterum
930 1175 1053 1262 profuit
1074 1174 1149 1258 illis,
1174 1174 1229 1263 qui
1249 1174 1357 1259 Praga

56 1288 126 1344 non
156 1276 338 1361 exiverunt,
369 1275 428 1342 sed
461 1285 535 1363 post
557 1277 645 1344 huuc
667 1278 837 1345 tumultum
860 1278 967 1345 adhuc
989 1300 1054 1343 uno
1067 1274 1161 1344 'anno
1201 1287 1232 1343 et
1254 1277 1356 1364 aliqui

55 1381 178 1451 diutius
202 1381 329 1467 Pragae
350 1389 597 1467 remanserunt3
621 1382 749 1472 eriperti
772 1392 847 1449 sunt
876 1406 995 1472 nempe
1018 1384 1243 1472 expulsionem
1276 1403 1355 1447 con-

53 1495 285 1576 temptuosam,
323 1486 456 1575 quidam
483 1509 642 1572 carceres,
680 1487 812 1576 quidam
835 1489 932 1554 etiam
954 1497 1104 1573 tortines,
1128 1490 1212 1554 sicut
1232 1488 1355 1553 factum

52 1601 107 1659 est
143 1591 287 1657 Mathiae
318 1590 500 1678 Hisbenai,
523 1592 643 1658 Joanni
664 1593 786 1677 Bonui,
818 1591 940 1661 Joauni
971 1593 1139 1679 Kalenec,
1162 1593 1238 1659 Vito
1261 1574 1356 1660 ἕπεο

54 1705 90 1764 et
111 1688 197 1782 aliis,
220 1697 318 1762 etiam
340 1697 412 1762 sine
435 1719 533 1765 causa
549 1700 648 1788 justa
693 1695 781 1778 Quid
804 1697 933 1763 demum
953 1705 1110 1786 expertus
1131 1698 1192 1764 fuit
1213 1697 1358 1762 Joannes

55 1799 203 1885 Sliwka,
226 1798 267 1866 de
290 1822 353 1888 quo
374 1800 469 1890 plura
489 1804 525 1867 in
546 1801 629 1868 libro
642 1809 756 1889 quarto
778 1809 902 1888 agetur,
926 1803 983 1890 qui
1006 1802 1102 1867 etiam
1126 1802 1215 1868 nullo
1228 1801 1354 1892 (modo)

58 1905 231 1973 discedere
277 1905 395 1984 voluit,
426 1905 559 1973 tandem
594 1906 736 1990 facum,
777 1907 865 1995 quod
901 1906 1008 1972 eidem
1041 1905 1144 1972 latera
1178 1908 1353 1974 immiseri-

58 2011 203 2079 corditer
234 2012 428 2090 exusserint,
462 2033 541 2078 mox
573 2011 681 2077 eidem
704 2012 801 2078 etiam
824 2011 1028 2078 sacerdotem
1049 2013 1285 2078 confessarium
1320 2013 1356 2077 in

56 2119 183 2185 curiam
216 2118 366 2183 miserint
400 2138 460 2205 pro
483 2116 717 2206 dispositione,
739 2139 815 2183 nam
838 2138 949 2182 rumor
982 2126 1114 2183 exortus
1146 2118 1260 2202 fluerat,
1285 2136 1358 2182 eum

56 2223 157 2292 brevi
189 2223 296 2311 capite
329 2222 429 2310 plecti
466 2221 597 2307 debere,
629 2223 717 2311 quod
751 2224 849 2288 etiam
869 2222 990 2288 factum
1023 2222 1149 2307 fuisset,
1173 2225 1201 2288 si
1225 2223 1359 2310 quidam

65 2327 224 2395 notabiles
246 2328 343 2394 amici
365 2336 398 2394 ct
418 2329 503 2415 regii
523 2328 679 2395 officiales
709 2327 789 2393 illud
812 2350 877 2394 non
900 2326 1160 2416 impedivissent.
1204 2327 1293 2395 Hinc
1313 2327 1357 2394 ad

63 2431 304 2520 fidejussionem
316 2432 470 2499 dimissus
492 2433 554 2500 fuit
575 2455 636 2522 pro
657 2442 745 2500 certo
768 2435 917 2518 termino,
942 2442 975 2499 ct
996 2433 1024 2498 si
1047 2433 1143 2520 paulo
1157 2442 1232 2521 post
1242 2454 1358 2498 manus

56 2537 188 2605 illorum
210 2561 277 2604 non
300 2539 479 2626 effugisset,
514 2539 688 2606 difficulter
722 2540 881 2606 evasisset
913 2546 945 2605 ct
965 2538 1068 2605 vitam
1087 2560 1152 2605 non
1184 2546 1358 2607 servasset

53 2642 140 2710 Item
163 2664 247 2733 quae
267 2642 355 2710 bona¹
378 2643 441 2710 sibi
462 2645 661 2733 procuravit,
683 2644 823 2710 lacobus
847 2642 947 2731 Sla'up
970 2642 1135 2727 braxator,
1179 2644 1361 2712 vir'bonas

53 2744 236 2839 vitae,'qui
257 2750 355 2815 etiam
377 2748 470 2842 nullo,
489 2771 510 2817 a
532 2750 663 2819 civitate
686 2749 846 2832 discessit,
870 2746 1038 2814 confidens
1062 2749 1103 2813 in
1125 2750 1180 2838 jus
1211 2759 1244 2815 et
1272 2753 1362 2840 justa

55 2875 158 2942 opera
179 2875 247 2937 sua,
271 2863 304 2918 et
326 2853 402 2919 durn
424 2854 461 2919 in
484 2854 606 2933 curiam
628 2855 745 2920 citatm
777 2853 901 2936 fuisset,
947 2853 1177 2938 quaesiverunt
1206 2876 1248 2919 ex
1281 2855 1359 2921 illo:

57 2959 184 3024 sciatne
206 2957 248 3023 de
270 2957 408 3047 quadam
430 2957 617 3047 proditione
640 2965 672 3023 et
701 2957 745 3039 de
764 2956 837 3022 aliis
859 2955 969 3021 multis
991 2954 1095 3021 rebus
1124 2958 1289 3043 indebitis,
1322 2968 1355 3025 et

55 3062 134 3129 dum
158 3062 389 3152 respondisset,
413 3086 449 3129 se
470 3063 553 3129 nihil
576 3065 669 3147 scire,
691 3084 851 3128 revocans
862 3084 896 3127 se
910 3061 1110 3129 addebitam
1117 3063 1202 3151 juris
1223 3063 1356 3129 audien·

51 3168 156 3253 tiam,
178 3167 417 3258 responderunt
439 3168 498 3252 illi,
520 3168 608 3257 quod
630 3167 711 3234 haec
734 3168 868 3233 credere
889 3167 1113 3255 nonpossint,
1146 3177 1178 3232 et
1200 3170 1227 3231 si
1250 3190 1360 3256 quem·

55 3273 139 3342 libet
169 3260 329 3340 debererit
361 3274 403 3341 ad
418 3280 421 3285 '
439 3276 524 3364 juris
546 3273 745 3340 audientiam
774 3272 954 3353 admittere,
989 3271 1075 3359 quod
1109 3271 1226 3337 similia
1258 3273 1364 3339 multa·

51 3379 173 3464 'iamt
195 3378 245 3445 illi
273 3402 352 3447 vero
386 3380 473 3470 quod
505 3387 629 3445 tantum
662 3377 869 3444 carnificibus
903 3385 936 3442 et
966 3375 1190 3441 meretricibus
1223 3377 1359 3443 credant

56 3483 134 3572 plus
168 3505 267 3570 quam
302 3485 333 3550 ei
368 3493 402 3550 et
423 3485 505 3550 aliis.
549 3482 633 3548 Post
653 3476 914 3549 haec'miserunt
934 3480 1042 3546 illum·
1062 3479 1106 3546 ad
1129 3503 1286 3566 carceres,
1323 3483 1359 3546 in

59 3588 179 3678 quibus
200 3589 285 3678 plus,
308 3610 406 3679 quam
427 3589 535 3655 medio
557 3609 643 3654 anno
665 3587 816 3653 detentus
837 3587 920 3672 fuit3
943 3584 1074 3652 tandem
1097 3587 1155 3651 vix
1177 3607 1236 3673 per
1268 3595 1360 3652 nota·

54 3693 159 3760 bilem
183 3694 377 3760 solutionem
400 3694 547 3776 obtinuit,
570 3692 656 3782 quod
680 3691 768 3759 domi
789 3713 922 3757 manere
945 3699 978 3756 et
998 3689 1093 3754 bonis
1116 3692 1182 3755 suis
1211 3690 1275 3756 frui
1299 3713 1357 3779 po·

56 3801 166 3882 tuerit,
205 3808 237 3865 ct
258 3799 350 3864 illum
383 3799 425 3864 de
452 3800 584 3865 civitate
614 3798 704 3864 abire
740 3819 806 3863 non
825 3798 995 3885 jusserint.
1037 3792 1092 3859 Ex
1129 3795 1179 3861 his
1209 3796 1359 3862 omnibus

58 3902 299 3971 observandum
322 3913 381 3984 est,
405 3904 491 3992 quod
513 3903 633 3969 nulllus
654 3901 732 3968 mali
756 3901 819 3968 sibi
842 3902 991 3968 conscius
1013 3899 1119 3983 fuerit,
1142 3901 1281 3990 ideoque
1318 3901 1360 3967 ed

53 4007 227 4097 ¹quodlibet
245 4006 404 4098 judicium
427 4009 517 4091 stitit,
541 4016 574 4073 et
595 4029 658 4096 quc
682 4005 841 4072 devenit?
864 4009 948 4071 sicut
974 4004 1030 4071 alii
1063 4005 1166 4072 multi.
1213 4007 1247 4073 si
1281 4022 1360 4074 vero

56 4134 78 4177 a
107 4112 204 4200 Zyka
237 4112 366 4178 lenione
389 4114 561 4200 instigatus
584 4113 690 4178 fassus
711 4111 827 4175 fuisset
849 4110 1011 4199 (quamvis
1033 4110 1128 4200 false)
1163 4121 1195 4178 et
1223 4113 1362 4179 dixisset

54 4215 99 4283 de
134 4217 275 4300 Hlawsa,
298 4216 437 4303 ,Schorff
469 4226 503 4281 et
536 4215 739 4281 senatoribus
773 4216 922 4302 captivis,
955 4215 1029 4281 illos
1067 4239 1140 4282 esse
1173 4219 1356 4305 proditores

57 4331 130 4407 etc,
161 4325 232 4389 sine
268 4326 356 4389 omni
378 4323 625 4389 incommodos
661 4320 846 4387 carceribus
883 4321 1035 4387 dimissus
1071 4322 1193 4387 fuisset.
1239 4322 1361 4390 Malum

54 4428 168 4516 itaque
189 4435 414 4515 argumentum
448 4436 516 4493 est:
540 4428 596 4512 qui
628 4426 720 4513 fugit,
743 4447 817 4491 reus
840 4434 896 4492 est
929 4426 1004 4492 Tali
1034 4427 1130 4493 modo
1165 4430 1262 4495 etiam
1299 4451 1360 4495 rex

56 4530 171 4599 David
192 4532 277 4619 fugit
298 4555 407 4598 eoram
429 4531 527 4598 Saule
559 4540 592 4597 et
614 4554 723 4597 coram
743 4531 810 4597 filio
833 4530 1009 4616 Absolone,
1045 4555 1105 4622 pro
1138 4555 1195 4600 reo
1221 4531 1360 4619 babitus,

59 4646 92 4703 et
112 4639 159 4703 ita
180 4638 272 4703 multi
295 4639 408 4704 sancti.
451 4637 503 4704 Ita
524 4637 621 4703 etiam
642 4660 703 4704 rex
723 4636 910 4705 Ludovicus
932 4660 992 4725 pro
1029 4660 1085 4704 reo
1121 4638 1267 4724 habitus,
1289 4638 1359 4723 fuit,

56 4728 139 4813 duna
174 4741 261 4818 inira
281 4738 410 4822 Budam
428 4760 476 4811 'ex
511 4742 664 4817 conflictu
700 4763 775 4809 cum
798 4741 999 4833 quibusdam
1033 4745 1157 4810 euasit.
1206 4741 1242 4804 Q
1276 4749 1384 4820 auxus
