2948 5040
119 164 204 253 ,ιιι

149 364 152 371 ·
225 336 293 406 Nos
314 339 354 404 in·
370 337 532 433 erroribus
554 337 758 427 deprehensi,
791 354 865 405 reos
886 360 946 406 nos
968 336 1041 407 e'sse
1055 320 1231 426 reddimus,
1254 327 1290 409 et
1310 364 1427 430 agnos·-

141 441 255 525 cimus·
279 464 387 537 coram
407 442 549 509 Domino
570 442 654 527 Deo,
687 450 720 509 et
748 444 898 511 omnibus
912 438 1077 512 'fidelibus
1108 445 1302 532 christianis,
1339 447 1428 535 quod

140 544 237 615 valde
258 549 471 615 erraverimus
492 547 613 614 infide
636 555 669 613 et
698 550 907 615 sacramentis
930 549 1086 616 ecclesiae
1110 558 1250 636 sanctae,
1282 552 1429 617 maxime

140 661 253 720 autem·
267 654 302 720 in
325 661 524 720 sacramento
548 655 691 741 corporis
715 661 747 718 et
769 655 934 742 sanguinis
956 654 1092 738 Christi,
1112 663 1145 721 et
1164 656 1199 723 in
1222 655 1296 721 aliis
1320 678 1427 723 sacra·

139 761 416 848 mentis„nempe,·
439 757 526 844 quod
546 758 601 825 vel
624 757 755 845 quidam
776 768 922 825 nostrum
953 768 1064 826 conns
1090 768 1328 829 sacramentum
1354 783 1427 827 cor-

140 866 229 954 p‘oris
261 872 294 930 et
326 864 492 952 sanguinis
523 862 658 928 Domini
691 862 879 952 blaspheme
912 863 1009 930 locuti
1038 856 1226 951 ιιιθιιιιιιιιςι
1246 874 1305 930 aut
1338 866 1426 954 quod

140 969 271 1057 quidem
293 968 442 1036 danobis
463 991 528 1034 non
551 965 793 1049 crediderimus,
820 968 874 1035 hic
895 990 1008 1035 verum
1023 968 1138 1035 adesse
1161 991 1278 1060 corpus
1293 962 1427 1055 Christi,

140 1096 183 1140 ex
203 1073 444 1161 parteillorum,
467 1072 523 1160 qui
542 1094 608 1138 non
624 1081 762 1157 sumunt,
785 1073 843 1139 sed
859 1070 993 1139 solum
983 1096 1017 1139 m
1026 1075 1220 1162 sumptione.
1254 1072 1317 1140 Vel
1340 1020 1427 1163 quod

139 1172 270 1271 qnidam
291 1176 334 1243 ds
354 1176 450 1243 nobis
470 1170 672 1242 venerationi
693 1177 789 1265 hujus
812 1178 1045 1257 sacramenti'
1034 1200 1070 1242 ιιι
1085 1180 1301 1245 monstrantia
1323 1202 1425 1275 expo-

140 1283 203 1363 siti,
227 1291 259 1349 et
280 1281 453 1350 elevationi
485 1302 524 1353 ac
546 1281 690 1368 corporis
723 1279 846 1347 Christi
881 1283 1080 1370 processioni
1123 1305 1158 1349 se
1192 1278 1424 1373 opposuerint,

139 1395 194 1454 aut
226 1384 464 1479 quodquidam
485 1392 630 1451 nostrum
650 1387 767 1452 missas
790 1397 823 1452 et
843 1383 976 1453 clerum
998 1388 1225 1475 spreveriums‚
1268 1395 1303 1453 et
1326 1390 1440 1477 parti·¹

139 1490 240 1558 calari
269 1489 538 1557 administrationi
554 1499 586 1555 et
600 1491 747 1578 privatae
761 1490 1012 1576 adhaeserimus,
1037 1491 1124 1557 etde
1149 1491 1299 1558 manibus
1322 1514 1425 1559 sacer-

141 1597 251 1665 dotnm
282 1595 461 1663 infidelium
494 1603 607 1663 contra
640 1595 874 1662 institutionem
912 1595 1033 1663 Christi
1069 1605 1101 1662 et
1132 1598 1228 1681 ritum
1266 1589 1441 1686 ecclesiae,

140 1710 270 1768 sanctae
292 1699 417 1766 occulte
438 1707 493 1766 aut
513 1698 645 1789 publice
667 1688 1020 1787 communicauerimus,
1051 1701 1166 1773 iisdem
1201 1701 1425 1768 sacerdotibus

139 1806 274 1890 seducti,
310 1827 427 1893 nempe
464 1827 523 1894 per
543 1805 719 1873 Martinum
751 1805 863 1889 Minui,
900 1805 1059 1872 Joannem
1081 1805 1244 1890 Poduska,
1282 1806 1426 1872 Potaleh

98 1944 102 1951 ·
140 1918 173 1976 et
205 1910 285 1977 alios
317 1910 446 1977 illorum
479 1912 593 1997 socios,
626 1911 752 2039 ratione
787 1932 921 1999 quarum
959 1933 1072 1980 rerum
1101 1933 1224 1999 poenas
1257 1911 1426 2000 promeriti

78 2061 97 2073 ι·
130 2034 259 2084 'Humum

223 2119 350 2186 Idcirco
372 2141 430 2187 vos
453 2119 645 2186 christianos
667 2119 781 2186 fideles
814 2121 964 2209 petimus,
995 2127 1083 2185 orate
1105 2142 1163 2207 pro
1197 2068 1298 2185 nobis
1315 2119 1426 2189 Domi·

138 2210 218 2292 nuni
253 2225 372 2308 Deum,
402 2233 438 2290 ut
469 2232 606 2313 peccata
572 2224 717 2290 thaec
750 2233 861 2289 nostra
896 2222 993 2290 nobis
1028 2224 1109 2290 remi
1110 2231 1185 2307 ttat3
1220 2245 1310 2289 nunc
1351 2245 1426 2291 vero

138 2331 248 2399 omnia
269 2329 394 2395 sincere
416 2329 596 2413 credentes,
617 2326 706 2394 fideli
729 2329 836 2415 corde,
860 2336 892 2395 et
914 2350 969 2394 ore
992 2328 1188 2415 profitemur.
1276 2338 1280 2345 '

224 2431 452 2520 Qudsoumque
487 2440 594 2526 autem
626 2434 661 2498 in
691 2434 874 2521 suspicione
899 2432 1082 2500 habuerunt
1104 2434 1138 2499 in
1160 2433 1234 2511 fide,
1273 2433 1316 2501 ad
1346 2434 1421 2503 haec

75 2528 78 2535 ’
138 2528 210 2604 ιιιοέ
233 2545 407 2624 coegerunt
427 2537 474 2602 ita
495 2537 692 2626 respondere
713 2537 804 2626 (nam
823 2537 892 2605 ’non
921 2538 1090 2626 aequalem
1112 2547 1256 2614 tenorem
1294 2540 1343 2604 eis
1367 2546 1440 2606 tra·-

139 2640 300 2726 diderunt‚
323 2641 514 2730 quibusdam
537 2643 622 2708 enim
644 2643 802 2710 dederunt
834 2643 998 2728 leviorem,
1029 2643 1102 2709 aliis
1137 2645 1331 2730 graviorem,
1357 2643 1424 2710 reli·

140 2736 469 2835 quisgravissimum,
499 2757 596 2836 prout
615 2747 878 2837 unumquemque
909 2746 1082 2836 viderunt).
1129 2747 1450 2836 Quomodocunque-

138 2852 246 2919 autem
278 2851 472 2941 deprehensi
503 2852 622 2917 fuimus
655 2856 689 2917 in
718 2852 805 2917 fama
838 2850 985 2936 adversa,
1030 2873 1112 2940 quae
1147 2860 1293 2917 sanctam
1327 2852 1424 2919 fidem

138 2957 349 3024 christianam
371 2958 547 3039 concernit,
580 2955 634 3022 vel
656 2957 762 3043 quoad
786 2957 969 3023 sacerdotes
1003 2956 1152 3022 infideles
1177 2965 1232 3022 aut
1254 2958 1425 3023 conciona-

139 3063 389 3151 toresprivatos
411 3070 444 3127 et
465 3060 618 3144 occultos,
640 3060 695 3126 vel
717 3060 759 3125 ob
774 3050 901 3128 fabulas
924 3063 1116 3127 concionum
1141 3082 1250 3126 eorum
1273 3060 1335 3127 vel·
1366 3059 1424 3126 lec·

139 3154 243 3233 tiones
264 3174 466 3250 ιιιοιιιιιιιιιιι,
500 3174 535 3231 ιιι
557 3164 693 3253 quilibet
725 3174 869 3232 vestrum
902 3165 1008 3233 bonus
1041 3165 1234 3233 christianus
1268 3166 1363 3249 sciat,
1398 3170 1426 3229 et

138 3292 198 3338 nos
220 3279 385 3360 suspectos
419 3292 484 3336 non
517 3268 645 3352 habeat,
669 3269 763 3335 'hanc
795 3292 907 3336 veram
935 3268 1037 3336 ’fidem
1077 3269 1288 3335 christianam
1314 3267 1430 3352 libera,

138 3373 291 3442 audacter
312 3383 344 3441 et
365 3398 408 3441 ex
428 3373 594 3441 voluntate
615 3374 746 3460 propria
767 3376 1031 3462 recognoscimus
1054 3382 1087 3439 et
1106 3373 1304 3460 profitemur.

473 3477 567 3543 Haec
588 3477 649 3541 fuit
671 3480 827 3544 correctio
850 3487 883 3544 et
903 3477 1083 3567 professio:

223 3584 354 3668 Primo;
386 3581 483 3650 corde
520 3581 690 3665 credimus,
724 3589 757 3647 et
787 3583 983 3670 profitemur,
1021 3581 1107 3671 quod
1144 3581 1177 3646 in
1222 3589 1424 3649 sacramento

140 3686 251 3754 altaris
272 3687 396 3755 visibili
419 3688 563 3776 corporis
586 3696 618 3752 et
640 3688 807 3772 sanguinis
831 3687 952 3754 Christi
975 3689 1017 3752 sit
1036 3708 1135 3754 verus
1149 3686 1241 3753 Deus
1264 3694 1298 3755 et
1318 3687 1424 3770 homo,

139 3813 205 3857 non
228 3791 330 3858 solum
352 3793 471 3858 virtute
493 3806 525 3857 et
541 3795 607 3883 suis
630 3791 734 3876 donis,
757 3793 816 3859 sed
839 3815 897 3858 sua
918 3795 1177 3881 proprianatura
1200 3800 1232 3857 et
1245 3791 1426 3859 substantia

141 3917 218 3962 suae
238 3897 392 3963 naturalis
415 3898 584 3982 essentiae,
608 3920 687 3987 quas
711 3903 858 3989 sumpsit,
874 3909 907 3966 et
926 3906 1085 3966 natusest
1106 3899 1147 3966 de
1168 3901 1298 3988 virgine
1311 3900 1425 3984 Maria,

24 4040 28 4049 =
141 4007 174 4066 et
195 4000 286 4067 sedet
306 4025 328 4067 a
349 3992 473 4068 dextris
495 4002 561 4067 Dei
583 4003 688 4069 Patris
711 4013 771 4070 eto.

140 4120 143 4127 ’
223 4105 303 4172 Item
327 4105 488 4172 credimus
511 4116 544 4171 et
576 4124 631 4173 ore
653 4109 850 4196 profitemur,
887 4078 989 4196 quod·
1006 4111 1041 4174 in
1076 4119 1276 4176 sacramento
1312 4112 1424 4178 altaris

140 4222 255 4300 corpus
278 4220 310 4276 et
327 4213 463 4298 'sanguis
480 4212 613 4279 Domini
633 4218 737 4281 nostri
756 4215 836 4282 Jesu
859 4216 990 4300 Christi,
1014 4218 1188 4304 conjuncta
1209 4238 1282 4283 cum
1294 4217 1425 4284 Deitate

140 4317 213 4402 sint,
235 4315 360 4382 habens
382 4316 436 4382 hic
459 4315 607 4383 Christus
641 4321 831 4405 sanguinem
867 4329 900 4386 et
929 4323 1080 4406 animam,
1115 4343 1210 4410 quam
1244 4323 1354 4396 emisit.
1392 4323 1425 4388 in

140 4442 236 4488 cruce
259 4420 407 4487 dolorosa
429 4421 570 4486 moriens
593 4445 651 4510 pro
673 4426 816 4510 peccatis
838 4427 968 4493 nostris.

223 4525 366 4592 Ulterius
389 4524 536 4591 additum
558 4537 616 4607 est,
651 4526 737 4615 quod
759 4528 819 4595 sub
841 4529 1039 4618 Rokycnano
1071 4553 1136 4596 non
1159 4530 1238 4616 fuit3
1272 4527 1331 4596 sed
1365 4529 1423 4596 sub

138 4629 276 4696 diversis
299 4627 471 4719 speciebus
491 4631 610 4717 integri
633 4636 827 4702 sacramenti
850 4634 892 4703 ad
913 4634 1154 4724 cognoscendas
1178 4636 1326 4757 diversas
1343 4633 1424 4704 divi·

132 4755 196 4799 nas
212 4735 340 4820 gratias
362 4756 433 4804 esse
452 4736 649 4825 profitemur
