2948 5040
119 180 164 278 ᾗ

124 378 210 449 hanc
234 378 482 464 confessionem,
518 400 576 445 seu
607 379 844 468 professionem
886 374 1034 441 exhiberi
1064 380 1181 461 potest,
1216 370 1296 460 (non
1317 368 1431 436 credat

119 486 241 571 *uittam
267 485 353 573 quod
369 483 620 574 aliquidmelins
642 488 771 571 praeter
792 482 856 548 hoc
879 479 1036 545 exhihere
1047 480 1200 565 possint),
1218 474 1306 564 qu'orl
1316 475 1425 541 animo

121 588 250 657 'lubenti
273 591 393 676 corrigi
416 588 506 675 velit,
542 588 638 654 simul
668 588 834 653 revocarit
857 607 892 650 se
922 582 965 649 ad
995 582 1183 649 conclusum
1220 578 1425 645 comitiorum

123 694 210 761 circa
224 692 486 759 Purificationem
508 692 703 774 habitorum,
726 700 840 778 petens
863 696 898 754 ut
921 685 1101 754 secundum
1132 682 1214 751 illud
1238 704 1301 749 cun
1314 702 1423 749 serre·

121 804 174 864 tur
204 806 236 863 et
257 796 435 863 secundum
457 798 564 884 legem
586 796 661 862 Dei.
704 796 794 860 Dum
815 802 923 860 autem
945 792 1008 858 hoc
1030 792 1187 878 scriptum
1210 788 1281 875 ejus
1315 790 1422 854 consi·

122 898 603 967 deraruntdominiOutnenses
617 923 691 965 cum
714 898 801 964 clero
822 899 855 962 in
868 896 959 962 curia
981 895 1214 983 inpraesentia
1230 893 1331 977 illius,
1355 902 1423 959 tum

120 1004 361 1091 interrogarunt
372 1005 567 1087 sacerdotes,
579 1012 615 1069 ut
629 1005 674 1069 eis
691 1002 788 1087 dieat,
811 1021 853 1065 an
863 998 1058 1086 genuflexio,
1082 1009 1138 1064 aut
1150 998 1306 1084 obligatio
1319 1016 1419 1083 genn·

121 1104 273 1174 flexionis
295 1108 452 1197 procedat
474 1132 494 1174 a
515 1108 588 1174 Deo
625 1105 679 1174 rel
702 1106 743 1172 ab
776 1103 989 1172 hominibus?
1032 1103 1216 1191 Respondit
1235 1100 1422 1191 Malinsky²

122 1208 205 1278 siout
239 1210 388 1278 Christus
422 1213 596 1294 constituit,
632 1220 664 1276 et
684 1218 779 1298 prout
809 1209 937 1296 accepit
960 1230 1089 1295 panem,
1122 1206 1263 1273 instituit
1303 1224 1420 1293 corpus

122 1336 225 1398 auum,
249 1326 281 1381 et
302 1317 425 1397 vinum,
449 1317 641 1402 sanguinem
678 1336 791 1398 suum3
816 1312 912 1378 simul
933 1311 1060 1400 petivit,
1093 1320 1130 1377 ut
1160 1312 1224 1398 ipsi
1260 1308 1418 1375 articulus

126 1438 170 1484 'cx
192 1419 331 1484 comitiis
353 1420 577 1507 praelegatur3
602 1419 659 1485 sed
683 1418 789 1484 clerus
812 1415 964 1500 instabat,
977 1424 1012 1482 ut
1023 1438 1121 1505 super
1131 1414 1195 1480 hcc
1209 1412 1418 1502 respondeat.

120 1516 254 1588 Dictum
277 1532 384 1588 autern
406 1522 472 1589 illis
495 1522 556 1588 fuit
577 1546 597 1588 a
620 1530 752 1605 senatu,
776 1543 850 1586 cum
867 1522 938 1608 jam
961 1528 1089 1609 tempus
1111 1518 1249 1584 adhaec
1268 1516 1420 1583 sufficere

124 1646 192 1692 non
213 1627 327 1716 possit,
351 1626 436 1714 quod
460 1626 611 1694 differant
633 1628 667 1692 in
691 1627 878 1702 crastinum,
901 1633 937 1690 ut
959 1626 992 1689 in
1013 1623 1169 1712 parochia
1192 1630 1418 1709 compareant.

662 1852 808 1920 CAPUT
833 1852 884 1920 11.

127 1980 245 2060 Inquo
268 1986 389 2041 notatur
410 1979 556 2059 professio
576 1980 647 2039 fidoi
667 1979 757 2056 hujus
778 1979 915 2038 Mathiae
938 1976 1109 2057 Malinsky;
1145 1986 1174 2035 et
1204 1978 1274 2035 dum
1303 1974 1336 2035 iu
1360 1974 1414 2035 illo

170 2066 243 2127 nihil
266 2077 371 2127 contra
391 2067 489 2145 legem
511 2066 570 2126 Dei
594 2067 731 2126 invenire
752 2075 921 2144 potuerunt,
953 2085 1018 2125 eum
1040 2064 1168 2125 liberum
1190 2061 1380 2122 dimiserunt.

209 2251 249 2316 In
272 2252 412 2316 crastino
442 2272 538 2315 mane
561 2251 716 2317 dimissus
740 2274 758 2316 c
781 2272 913 2317 carcere
924 2248 1094 2337 Malinsky
1106 2249 1188 2314 stitit
1209 2250 1244 2312 in
1265 2248 1422 2336 parochia

122 2354 164 2421 ad
194 2354 383 2419 mandatum
419 2374 547 2436 eorum,
583 2377 656 2420 cum
691 2354 888 2442 quibusdam
912 2352 1041 2419 civibus
1075 2353 1111 2417 in
1132 2374 1252 2438 magno
1274 2374 1421 2436 numero,

126 2457 183 2524 sed
216 2480 279 2523 non
299 2456 362 2522 fuit
383 2454 431 2522 illi
454 2457 631 2523 admissum
654 2460 718 2524 nisi
750 2481 824 2524 cum
846 2456 950 2522 tribus
973 2457 1123 2544 personis
1147 2475 1337 2545 comparere
1359 2456 1418 2543 ibi,

123 2578 241 2649 nempe
263 2561 323 2628 ubi
345 2562 432 2627 sedit
453 2573 584 2627 senatus
609 2586 682 2628 curn
704 2563 778 2628 aliis
802 2562 942 2628 dominis
964 2560 1137 2650 praelatis,
1170 2569 1202 2625 et
1224 2558 1422 2647 quibusdam

120 2665 287 2751 magistris
309 2666 539 2752 Pragensibus‚
566 2679 641 2733 tunc
663 2664 905 2755 praesentibus.
948 2664 1032 2730 Tum
1059 2665 1204 2731 decanus
1225 2664 1353 2732 Buchal
1376 2667 1423 2732 ita

123 2782 194 2834 'eum
221 2770 379 2835 allocutus
402 2770 482 2835 fuit:
505 2770 683 2858 Malinsky,
707 2772 931 2836 necessarium
946 2772 1208 2837 estrevocarein
1229 2772 1422 2837 memoriam

121 2892 315 2957 sermonem,
356 2896 451 2961 quern
475 2876 521 2940 ita
544 2875 726 2962 protulisti,
762 2876 848 2962 quod
871 2898 990 2962 nempe
1013 2874 1200 2962 genuflexio
1224 2878 1422 2963 processerit

119 2976 160 3043 ab
184 2977 389 3060 hominibus,
426 2988 458 3043 et
480 3001 546 3044 non
568 3002 588 3044 a
610 2980 693 3063 Deo,
718 3002 792 3043 cum
815 2987 923 3044 tamen
947 2978 1096 3045 Christus
1109 2981 1269 3048 Dominus
1290 2978 1422 3046 flexerit

119 3082 153 3148 lu
176 3106 234 3148 sua
256 3105 380 3169 genua,
415 3104 510 3149 orans
535 3082 575 3149 ad
599 3083 707 3149 Deum
730 3092 875 3172 patrem;
909 3086 987 3149 item
1011 3085 1150 3171 apostoli
1171 3082 1352 3169 flexerunt3
1390 3090 1421 3150 et

118 3189 153 3253 in
174 3188 331 3276 psalterio
353 3186 466 3253 David
489 3190 585 3255 dicit:
618 3196 650 3253 et
680 3188 884 3253 inelinamini
907 3187 1051 3254 scabella
1072 3188 1192 3276 pedum
1223 3191 1304 3277 ejus.
1357 3188 1419 3255 Re-

120 3292 248 3380 spondit
263 3288 451 3378 Malinsky:
476 3290 562 3379 quod
585 3291 710 3357 scheda
732 3292 798 3375 illa,
832 3314 915 3379 quae
938 3293 979 3358 ab
1003 3316 1041 3358 eo
1064 3294 1204 3358 dominis
1235 3302 1267 3357 et
1290 3294 1417 3360 senatui

121 3395 240 3461 tradita
270 3397 332 3462 fuit
355 3405 387 3461 et
408 3393 562 3483 perlecta,
585 3416 651 3458 non
674 3396 720 3459 ita
743 3404 851 3478 sonet,
883 3398 967 3462 siout
989 3397 1037 3462 illi
1059 3399 1094 3462 in
1115 3397 1225 3462 verbis
1247 3406 1418 3487 repetunt3

121 3508 153 3565 et
175 3498 273 3565 dicit:
303 3499 411 3582 credo,
436 3498 523 3585 quod
546 3500 574 3562 si
596 3520 731 3562 necesse
753 3499 845 3575 foret,
870 3500 956 3590 quod
979 3500 1069 3565 illam
1081 3501 1204 3566 domini
1223 3524 1303 3590 prae
1315 3504 1420 3570 mani·

119 3603 181 3670 bus
202 3605 397 3669 invenirent.
445 3603 498 3667 De
521 3602 751 3688 genuflexione
781 3627 858 3669 vero
883 3604 1023 3688 Christi,
1057 3617 1088 3670 et
1110 3606 1348 3692 apostolorum,
1383 3617 1415 3674 et

123 3707 218 3771 ctiam
244 3708 284 3772 de
306 3707 461 3795 psalterio
472 3706 622 3790 Davidis,
647 3708 694 3773 ita
716 3710 750 3772 in
775 3732 809 3773 se
832 3711 913 3796 ipsis
925 3732 1004 3774 vera
1027 3718 1117 3795 sunt,
1141 3712 1205 3775 imo
1231 3711 1304 3799 plus
1327 3712 1419 3799 dico;

122 3818 159 3874 ut
180 3811 215 3874 in
230 3813 361 3877 nomine
375 3814 445 3899 ejus
459 3808 496 3897 (J
499 3814 586 3902 esus)
600 3834 696 3878 omne
712 3836 797 3899 genu
812 3812 971 3899 flectatur,
995 3816 1194 3899 coelestium,
1217 3819 1420 3882 terrestrium

122 3922 156 3977 ct
178 3914 365 3998 inferorum,
390 3926 422 3981 et
445 3914 610 4003 quaelibet
632 3916 744 4002 lingua
766 3905 963 4003 profiteatur,
989 3919 1075 4006 quod
1096 3917 1245 3985 Christus
1256 3920 1419 3987 Dominus

121 4018 218 4082 sitin
240 4019 345 4105 gloria
364 4020 439 4103 Dei,
465 4023 516 4086 eui
541 4031 573 4086 et
595 4044 656 4108 ego
679 4045 745 4086 non
768 4024 965 4092 contradico.
1000 4024 1094 4088 Tunc
1118 4025 1231 4089 consul
1254 4024 1413 4092 allocutus

122 4127 285 4185 osteum:
309 4120 487 4211 Malinsky,
511 4125 582 4189 heri
598 4126 744 4213 petivisti
767 4126 877 4191 verbis
901 4129 982 4210 tuis,
1010 4130 1036 4192 si
1060 4129 1118 4192 tibi
1141 4128 1263 4216 aliquid
1287 4130 1418 4197 demon·

121 4230 256 4288 stratum
278 4224 393 4308 fuerit,
428 4236 558 4313 praeter
580 4229 704 4315 legem,
740 4231 827 4316 quod
856 4230 939 4295 velis
962 4229 1087 4295 lubenti
1110 4235 1217 4296 animo
1242 4234 1363 4319 corrigi
1387 4243 1419 4300 et

119 4330 277 4414 reparari.
310 4328 406 4393 Nunc
428 4329 578 4397 dominus
602 4334 744 4400 decanus
769 4356 842 4398 cum
865 4334 1019 4419 praelatis
1042 4337 1076 4399 in
1100 4335 1161 4399 hoc
1174 4336 1301 4417 sistunt,
1320 4340 1419 4426 juxta

120 4428 221 4496 verba
246 4428 280 4494 S.
303 4431 409 4496 Petri:
455 4432 569 4499 Estote
605 4439 715 4524 parati
749 4442 878 4524 semper
907 4435 950 4500 ad
980 4439 1244 4505 satisfaciendum
1274 4442 1417 4528 cuilibet,

121 4535 177 4620 qui
199 4557 219 4598 a
239 4533 334 4601 vobis
357 4539 455 4624 petit;
490 4539 564 4605 ideo
597 4543 682 4605 siin
706 4540 815 4627 aliquo
838 4539 1087 4628 intelligentiam
1113 4542 1328 4610 sufficientem
1350 4570 1417 4613 non

119 4638 278 4725 possides,
300 4643 440 4728 persiste
461 4645 496 4710 in
519 4645 590 4728 hoc,
615 4656 651 4711 ut
674 4654 704 4710 te
727 4647 899 4722 instruant,
923 4646 970 4710 uti
992 4644 1057 4738 ille,
1082 4649 1136 4735 qui
1159 4647 1200 4713 ab
1223 4650 1304 4736 ipsis
1325 4652 1415 4738 petit.

113 4736 301 4829 Respondit
319 4744 510 4840 Malinslsy:
545 4748 675 4816 domine
699 4747 827 4828 consul,
860 4747 894 4815 in
927 4751 1010 4817 actis
1031 4750 1073 4816 de
1094 4750 1303 4840 professione
1334 4752 1413 4824 fidet
