2948 5040
571 313 721 383 CAPUT
740 313 795 383 25.

24 496 91 579 libi
114 499 214 577 agitur
235 499 274 558 de
296 500 418 559 doctore
438 496 581 576 Buryano
602 498 746 576 relegato,
768 503 799 554 et
821 512 944 555 numero
965 493 1090 557 aliorum
1110 501 1324 581 relegatorum,

24 596 58 648 et
80 589 163 667 quod
185 587 272 648 multi
295 607 356 646 non
377 587 505 665 relegati
527 589 565 647 ob
588 594 701 646 metum
722 584 843 662 ipsimet
866 591 971 665 sponte
992 583 1143 645 exiverint
1163 598 1219 653 etc.
1242 592 1324 652 Tan.

23 674 98 735 dem
122 676 194 753 quid
217 674 359 735 acciderit
381 675 502 734 cuidam
522 672 653 734 Peterlsa
676 674 714 733 de
735 672 866 731 Hradee.
901 673 980 731 Item
1002 671 1040 729 de
1062 676 1191 746 quodam
1211 678 1326 741 Jacobo

60 760 189 842 Sinape,
210 763 261 838 qui
281 763 360 823 bene
381 762 484 841 solvit,
505 770 541 822 ut
562 762 682 840 Pragae
703 778 881 839 permanere
900 757 1008 837 possit,
1031 765 1062 818 et
1082 762 1129 823 sic
1151 765 1188 825 de
1210 766 1291 828 aliis.

117 950 184 1015 Die
207 949 345 1014 Veneris
366 949 450 1014 festo
472 948 504 1014 S.
526 948 682 1030 Floriani,
716 957 751 1012 ut
779 967 879 1034 supra
903 946 975 1034 jam
1002 947 1126 1014 dictum
1155 949 1226 1035 fnit,
1260 951 1324 1019 hoc

22 1076 118 1122 anno
152 1055 237 1122 1525
264 1054 429 1121 doctorem
451 1054 649 1140 Butyrum,
672 1049 903 1117 cancellarium
931 1052 1141 1138 Pragensem,
1164 1057 1221 1142 qui
1255 1078 1329 1145 eap-

24 1162 120 1227 tivus
142 1181 164 1224 a
183 1159 394 1246 praecedenti
423 1158 537 1244 vigilia
566 1157 599 1224 S.
621 1156 790 1222 Laurentii
821 1178 925 1244 usque
956 1156 1000 1222 ad
1033 1157 1119 1224 banc
1154 1158 1242 1224 diem
1266 1183 1328 1249 per

23 1273 96 1332 tres
117 1262 316 1349 quadrantes
344 1264 423 1328 anui
445 1263 517 1328 aine
537 1263 682 1350 quinque
696 1260 813 1327 diebus
835 1260 871 1325 in
883 1259 1069 1328 carceribus
1084 1261 1235 1329 detentus
1256 1264 1329 1349 fnit,

23 1390 104 1436 cum
126 1367 201 1433 aliia
229 1366 424 1456 quibusdam
446 1366 584 1451 civibus,
618 1367 678 1454 qui
698 1375 795 1433 antea
815 1366 859 1432 ad
886 1365 1129 1454 fidejussionem
1152 1390 1171 1434 e
1193 1372 1331 1437 carceri·

21 1473 91 1541 bus
120 1473 249 1539 dimissi
293 1463 433 1555 fuerunt,
464 1472 648 1558 Pragenses
681 1494 726 1538 ex
758 1471 890 1536 civitate
922 1471 1160 1558 relegaverunt,
1198 1474 1331 1542 tandmn

24 1580 131 1645 etiam
153 1579 341 1643 successive
373 1576 517 1664 reliquos
546 1575 638 1642 abire
653 1577 846 1665 jusserunt3
869 1574 952 1640 illud
980 1575 1178 1662 ordinantes,
1212 1587 1250 1645 ut
1270 1581 1331 1647 snb

28 1682 183 1772 quolibet
205 1681 341 1747 consule
362 1680 464 1767 aliqui
484 1679 551 1747 sibi
575 1681 721 1767 suspecti
742 1678 915 1767 pellantur,
938 1687 972 1744 et
992 1679 1055 1746 boc
1076 1680 1207 1748 duravit
1227 1706 1332 1772 usque

25 1786 74 1855 ad
106 1794 237 1873 tempus
260 1784 293 1851 S.
316 1783 515 1864 Wenceslai,
547 1783 614 1851 illis
647 1791 681 1849 et
715 1782 854 1870 reliquia
886 1782 1037 1849 omnibus
1068 1783 1171 1853 breve
1203 1797 1331 1877 tempus

24 1891 213 1957 mansionis
234 1892 451 1977 assignantes,
484 1896 521 1954 ut
540 1890 627 1956 intra
648 1897 772 1954 certum
804 1895 932 1975 tempus
961 1889 1060 1953 rebus
1091 1892 1159 1955 suis
1190 1893 1333 1958 venditis

25 1992 142 2081 Praga
156 2003 288 2060 exeant.
318 1994 497 2059 Numerum
518 2016 597 2060 vero
619 1993 764 2061 omnium
785 1990 1006 2078 relegatorum
1029 1992 1071 2058 de
1091 1994 1233 2063 Triurbe
1253 1998 1331 2062 Pra-

25 2100 129 2187 gonai
149 2100 272 2164 rescire
293 2120 360 2164 nou
380 2099 481 2187 potui,
519 2121 594 2164 cum
614 2097 680 2164 illis
712 2097 808 2181 enim,
847 2097 932 2163 sicut
962 2119 1038 2162 cum
1066 2098 1171 2186 paleis
1203 2123 1333 2188 proces·

27 2212 154 2287 munt,
177 2203 359 2291 dequibus
379 2202 487 2268 nullus
508 2205 631 2270 rescire
650 2204 766 2290 potnit,
800 2199 858 2267 sed
890 2211 1047 2287 quantum
1068 2203 1150 2269 mibi
1182 2206 1332 2289 innotuit,

29 2330 187 2375 numerus
210 2308 254 2374 de
273 2308 419 2396 Antiqua
448 2317 482 2375 et
502 2308 599 2375 Nora
631 2308 764 2374 civitate
794 2306 909 2372 saltem
943 2306 1159 2395 quadraginta
1190 2311 1334 2399 quinque

31 2436 193 2503 personae
213 2414 346 2480 fuerunt
367 2424 400 2479 et
421 2414 464 2480 de
484 2413 566 2480 urbe
586 2413 745 2500 Pragensi
766 2411 883 2477 minori
906 2412 1036 2478 circiter
1065 2414 1191 2500 viginti
1233 2415 1279 2480 Et
1299 2400 1334 2479 hi

29 2542 147 2586 omnes
175 2518 374 2585 decivitate
404 2520 490 2608 pulsi
522 2519 646 2607 aliquot
677 2517 779 2583 millia
808 2517 935 2603 Pragae
973 2516 1166 2604 (seeundum
1198 2518 1335 2606 grandia

24 2624 205 2690 mendacia
254 2633 287 2690 et
325 2623 420 2689 rudia
451 2623 556 2708 dicta,
604 2624 735 2689 veritati
778 2623 959 2709 incongrua
996 2622 1123 2712 loquor)
1169 2622 1336 2691 bominum

24 2729 184 2797 occidere
205 2728 415 2813 debuerunt3
438 2752 534 2816 quam
556 2729 668 2795 idonei
704 2736 810 2792 antem
834 2727 877 2792 ad
910 2727 992 2794 haec
1022 2729 1239 2817 perpetranda
1267 2730 1333 2796 fue

23 2833 106 2917 rint,
127 2855 196 2900 non
218 2832 324 2898 solum
359 2835 394 2897 in
427 2833 491 2899 boc
527 2835 647 2920 exiguo
668 2857 882 2923 personarum
918 2856 1064 2916 numero,
1099 2836 1333 2900 verumetiam

24 2940 248 3022 animositate,
283 2937 420 3026 quilibet
440 2941 577 3021 noverit,
612 2940 668 3026 qai
701 2940 775 3006 illos
813 2941 1028 3007 communiter
1047 2938 1214 3004 noscebat.
1254 2938 1333 3018 Qui-

25 3043 108 3111 dam
148 3046 235 3109 enim
257 3065 414 3110 annornm
437 3045 645 3133 septuaginta
665 3047 781 3110 aetatis
803 3045 944 3128 fuerumt,
966 3066 1103 3133 quorum
1124 3043 1256 3131 plurimi
1268 3063 1331 3107 nec

24 3151 240 3238 evaginatum
269 3171 391 3233 ensem,
426 3170 489 3214 nec
520 3148 585 3214 alia
619 3171 720 3233 arma,
758 3151 905 3238 exeeptis
939 3148 1042 3214 tribus
1076 3169 1219 3235 unquam
1240 3146 1330 3212 vide

26 3265 118 3340 runt,
148 3256 256 3319 minus
279 3276 358 3320 vero
379 3262 493 3319 cenna
513 3252 595 3319 alios
617 3255 842 3339 evaginarunt
863 3249 997 3319 Interim
1021 3275 1099 3319 vero
1122 3254 1218 3317 etiam
1240 3273 1332 3340 prae·

26 3367 81 3425 ter
104 3359 167 3425 bas
199 3358 319 3424 multae
341 3358 426 3424 aliae
448 3379 608 3444 personae
629 3358 737 3444 Praga
759 3357 942 3440 exiverunt,
966 3358 1038 3423 sine
1054 3358 1143 3422 omni
1170 3356 1333 3421 edictione

30 3474 67 3533 et
79 3464 294 3551 relegatione,
317 3463 375 3529 sed
395 3485 476 3551 pure
497 3485 540 3527 ex
562 3464 653 3528 vario
670 3471 768 3546 meta,
792 3462 848 3528 ubi
871 3462 1003 3550 quidam
1024 3461 1204 3527 timidiores
1226 3483 1333 3526 earce-

28 3592 84 3636 rea
108 3568 279 3652 timebant,
301 3567 433 3656 qnidam
457 3568 555 3634 etiam
577 3567 758 3654 periculum
792 3569 879 3634 vitae
902 3589 980 3632 auae
1001 3566 1191 3633 metuebant
1212 3565 1254 3631 ob
1279 3587 1335 3631 va·

24 3676 115 3741 rium
137 3673 319 3740 indebitum
353 3683 386 3738 et
408 3674 566 3762 injustum
600 3694 763 3738 rumorem
799 3674 943 3739 accusati
965 3681 998 3737 et
1027 3672 1126 3737 delati
1149 3673 1220 3737 sine
1242 3673 1334 3738 omni
1404 3758 1408 3763 Ι

26 3779 250 3863 exauditione,
273 3778 315 3843 de
352 3779 452 3843 t'ariis
474 3775 602 3842 casibus
624 3776 702 3842 fidei
722 3776 820 3843 valde
842 3776 1222 3864 dissimilibus5quidam
1237 3779 1334 3845 etiam

25 3884 63 3949 in
84 3885 288 3950 conscientia
310 3902 369 3947 sua
391 3882 499 3947 securi
520 3880 753 3946 afflictionibus
774 3884 892 3947 mentis
916 3885 993 3949 torti
1014 3889 1089 3947 arunt
1110 3901 1153 3945 ex
1175 3882 1236 3967 his,
1249 3906 1333 3972 quae

25 3987 221 4076 agebantur,
259 3995 357 4074 atque
393 3985 436 4051 ob
457 3986 772 4051 commiserationem
794 3994 827 4050 et
849 3986 1087 4054 condolentiam
1108 3990 1244 4054 nimiam
1277 3988 1334 4055 illa

24 4105 178 4184 spectare
199 4114 266 4158 non
287 4101 446 4180 potentes,
469 4090 573 4157 libere
595 4114 654 4157 sua
675 4089 929 4157 divendiderunt
950 4101 983 4158 et
1004 4093 1068 4160 alio
1091 4117 1126 4159 se
1160 4093 1329 4160 transmle·

22 4210 110 4267 runt.
169 4198 278 4286 Atque
314 4197 395 4263 adeo
417 4195 518 4261 alium
553 4197 651 4262 linem
684 4195 802 4282 vulgus
823 4196 990 4282 Pragense
1026 4222 1092 4265 non
1124 4199 1326 4278 intendebat,

22 4306 89 4371 nisi
111 4312 148 4370 ut
169 4303 370 4370 voluntatem
409 4323 501 4367 suam
536 4309 743 4387 arrogantem
767 4310 800 4366 et
834 4301 1025 4368 violentiam
1059 4305 1213 4393 injustam
1236 4325 1329 4370 more

21 4409 193 4477 bominum
217 4407 400 4490 audacium,
422 4404 510 4494 apud
531 4427 613 4495 quus
630 4407 707 4494 jura
728 4405 835 4472 locum
857 4429 924 4473 non
945 4407 1102 4492 obtinent,
1125 4409 1160 4474 in
1183 4407 1329 4496 quolibet

22 4523 211 4599 exerceant,
247 4515 357 4601 itaque
392 4533 477 4576 unus
498 4511 636 4578 alterum
658 4512 694 4576 in
714 4511 865 4577 omnibus
900 4521 1032 4578 secutus
1052 4512 1122 4578 suit
1164 4512 1210 4576 Et
1245 4511 1323 4576 dum

21 4621 164 4710 quidam·
192 4619 323 4687 illorum
358 4618 547 4703 interrogati
579 4617 735 4683 fuissent:
771 4617 848 4705 quid
871 4640 931 4707 per
963 4617 1045 4685 baec
1066 4617 1204 4706 appetis,
1239 4637 1323 4703 quae

19 4725 124 4817 agia?
145 4746 206 4797 cnr
240 4719 441 4795 contendis?
476 4718 623 4795 debitum
645 4742 838 4813 responsum
858 4723 939 4795 dare
959 4724 1117 4800 nesciuit,
1134 4721 1218 4805 nist,
1245 4719 1344 4804 epea

1074 4822 1149 4891 ll*
