2948 5040
126 146 171 215 80

124 314 158 381 id
180 314 377 398 desiderant,
411 313 507 380 simul
529 313 626 379 etiam
655 309 777 394 dicunt,
810 309 901 396 illud,
936 309 1023 400 quod
1056 308 1243 376 sacerdotes
1264 308 1303 373 in
1328 327 1416 373 mon·

124 419 261 484 strantia
281 426 460 501 asservant,
483 415 565 482 nihil
587 437 671 484 esse.

210 520 311 607 Item;
335 520 421 610 quod
445 520 597 588 sacerdos
631 518 762 608 quidam
784 519 915 607 publice
949 519 1080 603 dixerit,
1104 514 1191 606 quod
1212 511 1417 582 consecratio

125 627 269 714 corporis
292 624 415 692 Christi
436 649 503 692 non
525 628 567 691 sit
589 624 784 690 sacrificium
807 647 864 690 seu
896 626 1040 701 victima,
1073 645 1147 688 cum
1170 619 1360 686 Christus
1344 639 1415 705 Jam

126 731 227 796 semel
264 730 390 797 oblatus
427 731 470 796 sit
492 739 524 795 et
546 751 605 818 per
626 728 712 794 hanc
734 727 974 794 oblationem
960 751 1030 816 Jam
1060 737 1159 833 antea
1192 745 1309 791 omnes
1333 722 1417 789 aliae

126 832 225 900 oblet'
203 842 309 899 tronea
331 842 494 921 peractae.

209 935 293 1000 Item
315 936 356 1000 de
379 937 479 1001 missa
499 935 623 1000 dictum
644 933 714 1011 fuit,
691 932 824 1020 tquod
846 932 925 999 nihil
948 934 999 1016 sit,
1016 942 1048 998 et
1063 941 1171 1018 sumpt
1172 933 1204 998 io
1158 929 1421 996 tsacramenti

126 1059 192 1104 non
216 1040 259 1104 sit
281 1038 463 1105 substantia
494 1035 617 1119 salutis,
654 1037 751 1101 etiam
774 1045 892 1121 vestes,
928 1037 1057 1120 calices,
1087 1036 1323 1101 monstrantias
1350 1055 1421 1098 con·

126 1151 313 1208 temserunt

211 1245 311 1330 Item,
345 1246 432 1332 quod
455 1245 622 1310 concernit
651 1264 768 1330 corpus
791 1254 823 1307 et
853 1245 1044 1330 sanguinem
1079 1241 1211 1324 Christi,
1233 1239 1276 1304 de
1299 1237 1384 1303 his
1375 1259 1418 1322 rg-

127 1351 310 1414 nominiose
334 1359 367 1413 et
388 1370 449 1436 per
481 1357 700 1435 contemptum
732 1346 831 1411 locuti
866 1348 1005 1426 fueram,
1029 1346 1116 1436 quod
1143 1344 1236 1409 Deus
1267 1341 1325 1407 hic
1360 1363 1420 1406 non

127 1454 224 1538 adsit,
247 1463 279 1518 et
312 1475 408 1539 quem
441 1475 512 1518 esse
541 1451 701 1541 judicant,
734 1451 821 1516 hunc
852 1475 993 1524 araneae¹
1023 1463 1055 1518 et
1087 1469 1196 1514 mures
1219 1453 1423 1526 consumunt,

127 1559 239 1623 vinum
262 1558 360 1622 etiam
392 1566 529 1633 acescat,
564 1555 650 1643 quod
672 1555 814 1620 Domino
849 1557 921 1620 Deo
957 1577 1023 1621 non
1045 1553 1208 1634 convenit,
1232 1550 1313 1636 quia
1335 1567 1424 1635 prae·

129 1684 204 1727 sens
226 1663 366 1727 hicnon
388 1660 490 1744 adest,
516 1661 629 1725 sedin
652 1658 815 1724 coelisad
846 1658 994 1723 dextram
1024 1659 1090 1724 Dei
1121 1656 1223 1736 sedet,
1254 1652 1374 1741 ibique
1397 1657 1426 1714 et

128 1787 194 1830 non
216 1764 294 1830 alibi
316 1764 445 1830 adorari
468 1763 602 1849 debeat3
634 1772 666 1828 et
698 1762 785 1845 unde
808 1761 899 1827 Deus
932 1763 974 1829 ad
1003 1759 1249 1827 monstrandam
1272 1751 1423 1821 veniret?

214 1868 314 1953 Item,
346 1868 461 1934 altaria
497 1868 708 1934 nominabant
730 1866 877 1931 officinas
909 1877 941 1932 et
961 1869 1061 1945 focos,
1091 1889 1130 1931 ιο
1162 1865 1245 1931 ritus
1269 1863 1427 1937 ecclesiae

131 1972 391 2039 contemnebant.
669 2051 672 2057 Ι

214 2069 313 2162 Item,
337 2077 562 2164 processiones
586 2088 618 2141 et
640 2077 722 2143 alias
745 2076 1067 2142 commemorationes
1084 2064 1217 2157 Christi,
1240 2081 1278 2138 ut
1291 2072 1427 2161 Jerusa-

132 2183 206 2266 lem,
242 2181 416 2270 sepulchra
448 2180 616 2269 paschalia
648 2181 897 2268 abrogaverunt,
922 2191 954 2244 et
976 2203 1073 2267 super
1102 2180 1183 2247 haec
1217 2181 1309 2246 circa
1344 2179 1428 2247 diem

130 2286 369 2352 Purificationis
403 2285 555 2350 articulos
589 2285 745 2373 quosdam
776 2293 1037 2373 composuerunt,
1072 2308 1127 2351 eos
1156 2287 1227 2350 sine
1263 2284 1430 2350 voluntate

133 2390 218 2456 Suae
241 2391 363 2476 Regiae
385 2389 567 2475 Majestatis
590 2389 732 2477 imprimi
755 2399 915 2456 curantes.

217 2493 318 2576 Item,
352 2491 386 2554 hi
408 2493 530 2578 captivi
552 2494 586 2557 in
616 2492 766 2558 omnibus
790 2494 935 2559 consiliis
971 2492 1067 2557 nobis
1106 2492 1381 2577 adversabantur,
1403 2500 1432 2558 et

134 2597 290 2662 honorem
313 2594 446 2677 nullum,
471 2595 547 2659 dum
570 2597 796 2683 processiones
830 2597 988 2683 quaedam
1018 2597 1184 2662 institutae
1205 2597 1353 2681 fuerunt,
1378 2618 1429 2662 ex·

135 2700 330 2782 hibuerunt;
353 2699 395 2763 ad
417 2699 498 2764 haec
519 2710 628 2766 autem
645 2701 753 2768 omnia
775 2701 960 2766 sacerdotes
976 2722 1031 2766 eos
1044 2698 1245 2766 induxerunt
1262 2710 1295 2766 et
1310 2703 1429 2767 anima·

135 2814 219 2886 runt,
249 2802 299 2866 illi
332 2811 439 2867 tamen
471 2825 526 2869 eos
556 2807 590 2868 in
623 2806 788 2874 civitatem
819 2806 934 2873 venire
955 2805 1113 2888 fecerunt,
1146 2804 1368 2872 defenderunt
1402 2806 1433 2870 in

135 2906 346 2975 concionibus
372 2917 403 2971 et
425 2909 534 2973 missis
558 2933 670 2975 eorum
692 2912 917 2977 interfuerunt.

219 3013 302 3078 Item
335 3011 427 3076 laicis
465 3016 652 3079 concionari
685 3039 750 3081 non
780 3015 1061 3092 interdixer,unt
1052 3037 1118 3079 rmo
1148 3023 1181 3079 et
1209 3016 1243 3079 in
1281 3013 1432 3082 ecclesus

137 3117 345 3199 admiserunt,
324 3125 403 3181 tut
424 3119 617 3183 concionent
617 3143 664 3201 ur,
690 3122 773 3185 sicut
794 3121 871 3185 fecit
895 3118 1049 3184 Nicolaus
1071 3117 1193 3184 Schorf
1211 3118 1301 3206 apud
1323 3119 1358 3187 S.
1373 3118 1433 3184 Mi·

75 3244 81 3252 ’
140 3221 316 3287 rhaelem’
308 3244 342 3286 ιιι
366 3221 563 3308 Opatowicz.

221 3324 321 3409 It3cm
344 3323 543 3391 admiserunt
565 3326 616 3391 his
647 3327 879 3411 sacerdotibus,
902 3341 936 3394 ut
969 3330 1167 3417 praedicent,
1192 3329 1282 3416 quod
1304 3306 1435 3417 majorii

138 3430 285 3516 dignitat
278 3453 303 3492 is
263 3430 421 3494 thomo
444 3428 614 3495 bonus't
572 3439 623 3509 ιιι,
647 3454 745 3520 quam
768 3454 884 3522 corpus
911 3445 942 3499 et
973 3436 1106 3520 sanguis
1134 3432 1256 3499 Christ
1233 3442 1269 3517 tr,
1295 3444 1330 3501 et
1352 3430 1436 3542 quod

139 3532 301 3599 diabolus
309 3532 457 3596 homines
481 3533 614 3598 seducat
602 3544 695 3621 tper
717 3536 888 3623 Virginem
909 3539 1055 3603 Mariam.

225 3635 325 3718 Item;
350 3633 503 3701 dixemnt
490 3646 700 3720 t,canonem
724 3640 805 3705 nihil
829 3664 910 3724 esse,
936 3651 967 3706 ot
989 3641 1135 3725 Sanctos,
1159 3642 1272 3728 quiin
1297 3664 1338 3708 eo
1363 3662 1435 3708 cun·

139 3741 298 3819 tinentur,
336 3759 406 3802 esse
427 3740 461 3803 in
483 3685 619 3806 iriferno.
664 3743 824 3810 Doctores
847 3754 991 3811 vetustos
1014 3753 1289 3833 contempserunt,
1320 3743 1437 3830 imagi·

139 3865 198 3908 nes
222 3840 368 3906 crucifixi
391 3855 589 3929 spreverunt.

225 3946 307 4011 Item
330 3946 478 4012 omnibus
503 3950 707 4016 currentibus
729 3950 772 4015 ad
805 3953 1033 4017 monstrandas
1055 3952 1340 4041 imprecabantur3
1365 3978 1437 4023 con·

142 4060 262 4117 tractus
296 4061 328 4114 et
356 4051 584 4138 inscriptiones
615 4055 822 4120 confecerunt
863 4078 936 4121 cum
968 4055 1020 4120 his
1049 4056 1272 4121 sacerdotibus
1307 4059 1377 4126 viri
1409 4064 1439 4126 ct

141 4155 303 4236 mulieres,
327 4165 359 4217 et
380 4165 477 4219 noctu
500 4156 541 4221 ad
564 4157 724 4224 haeresim
748 4159 994 4225 conveniebant.

227 4258 326 4341 Item;
349 4256 415 4322 Sua
447 4260 601 4347 Majestas
633 4263 737 4348 Regia
758 4262 912 4330 mandare
934 4262 1138 4349 dignabatur,
1174 4273 1211 4328 ut
1240 4265 1438 4336 Pickhartas

141 4368 226 4431 inter
249 4383 302 4435 se,
325 4363 442 4425 necin
465 4363 580 4429 officiis
603 4366 757 4448 t,clerent
788 4367 840 4430 cui
861 4367 926 4453 ipsi
963 4365 1246 4451 contradicebant,
1286 4373 1437 4461 quamvis

141 4468 312 4560 probatum
334 4463 430 4530 merit
451 4468 591 4558 aliquem
630 4492 702 4535 esse
723 4468 948 4554 Pickhartam3
973 4470 1139 4535 dicentes:
1163 4471 1244 4536 cur?
1267 4476 1325 4542 vel
1348 4478 1437 4544 dixe·

142 4582 234 4641 runt:
256 4567 634 4639 fortetalesPickhartae
649 4574 758 4662 plures
773 4574 1005 4658 invenirentur,
1028 4596 1123 4663 quam
1146 4575 1271 4662 decem,
1295 4589 1437 4664 centum,

143 4691 200 4749 aut
219 4679 302 4745 forte
321 4672 441 4763 plures,
475 4701 571 4767 quam
593 4678 690 4746 mille.
734 4677 878 4766 ideoque
899 4678 1057 4769 appellari
1079 4701 1115 4745 se
1136 4678 1334 4750 Pickhartas
1373 4704 1436 4753 non
