2948 5040
134 123 180 237 1

132 295 215 372 nulli
236 294 343 371 taliter
367 304 518 388 suspecto
547 304 580 362 et
610 296 702 385 quasi
736 293 1015 371 excommunicato
1037 291 1220 387 loquantur,
1251 314 1315 361 uec
1337 314 1420 369 oom-

131 403 288 468 mercium
323 399 485 489 quoddam
521 401 672 485 habeant,
695 422 757 465 nec
779 410 948 489 aspectum
969 397 1158 488 praebeant,
1179 407 1239 469 111
1260 420 1336 465 cum
1357 397 1422 481 illis

130 505 346 595 amicabiliter
368 507 563 578 conveniant
587 505 748 594 (exceptis
769 506 900 597 popinis
923 510 956 571 11
978 502 1128 569 domibus
1150 500 1359 595 inhonestis),
1384 511 1417 568 et

132 613 160 677 si
194 609 258 676 duo
281 619 389 675 tresve
419 612 454 676 in
475 610 592 699 plateis
627 618 858 695 eonvenemnt,
886 611 958 698 jam
992 607 1230 696 exploratorem
1258 609 1359 704 juxta
1388 630 1422 674 se

130 715 322 798 habuerunt,
346 722 378 779 11
400 715 508 781 statim
529 737 605 803 pars
627 714 766 780 adversa
788 713 862 780 illos
885 713 949 780 sibi
970 711 1081 799 digitis
1102 711 1261 779 iudicavit
1296 711 1415 778 111111-

132 822 184 905 sit,
217 827 314 907 atque
336 818 385 884 illi
409 819 631 908 exploratores
654 840 710 885 eos
740 820 774 884 iu
798 819 888 884 curia
910 816 1105 901 detulerunt,
1143 818 1214 887 sine
1236 813 1351 895 debita
1372 837 1422 885 ac»

131 925 309 1007 cusatione,
333 931 365 988 11
387 921 511 1011 absque
532 924 719 1011 praesentia
739 924 841 1017 partis
864 922 1008 1005 alterins,
1039 920 1199 1004 dicentes,
1215 920 1287 1015 jam
1310 942 1423 1003 rursus

130 1027 324 1095 Pickbartas
358 1027 560 1112 convenisse,
595 1035 628 1093 et
649 1037 725 1103 tunc
754 1034 910 1093 asenatu
933 1027 1033 1111 111111,
1069 1024 1156 1092 male
1179 1025 1309 1114 tractati
1341 1035 1423 1107 1111

130 1133 250 1201 Mirum
271 1140 379 1200 autem
403 1139 461 1216 est,
501 1133 535 1198 in
558 1131 617 1198 tali
638 1154 794 1221 perverso
817 1154 924 1210 eursu,
949 1130 1036 1221 quod
1059 1132 1093 1204 in
1116 1130 1256 1218 seipsis
1278 1129 1344 1201 boe
1366 1129 1421 1215 ad·

131 1248 260 1307 vertere
281 1237 463 1321 noluerint,
501 1235 578 1303 dum
610 1237 704 1311 multi
727 1259 838 1317 eorum
860 1238 895 1313 in
916 1236 1046 1326 popinis
1069 1236 1313 1314 convenissent,
1351 1243 1424 1316 ante

131 1351 261 1431 etpost
285 1349 437 1407 exortum
459 1340 642 1424 tumultum,
676 1339 789 1430 ibique
811 1341 933 1429 injusta
963 1363 1022 1406 sua
1058 1340 1197 1423 consilia
1218 1349 1424 1428 1111111111,

131 1456 164 1514 11
197 1454 310 1513 111111
340 1469 414 1513 1111
444 1446 596 1513 concives
626 1448 713 1519 inter
743 1468 778 1511 se
810 1468 884 1519 cum
904 1445 1263 1545 Minue-Prageqsibus
1296 1447 1422 1531 civibus

130 1553 328 1618 unanimiter
350 1551 587 1640 conjurassent,
621 1550 683 1616 hoc
705 1557 814 1619 tamen
847 1547 913 1620 illis
937 1570 1033 1621 nemo
1058 1549 1280 1638 exprobrarit,
1318 1561 1353 1635 qt
1385 1575 1425 1627 ex

131 1656 194 1723 hac
218 1656 444 1745 conjuratione
468 1654 606 1720 dissidia
629 1653 826 1737 oriebantur,
859 1676 1016 1721 excursus
1050 1663 1163 1727 contra
1185 1655 1329 1727 invicem
1354 1678 1425 1735 cau·

132 1769 252 1826 santes.
297 1760 343 1825 Hi
385 1781 464 1826 vero
498 1761 607 1826 animo
638 1759 722 1828 bono
753 1769 786 1827 et
808 1762 934 1829 sincero
967 1772 1210 1852 processerunt,
1243 1764 1425 1839 seeundum

131 1865 315 1932 naturalem
336 1864 588 1932 inclinationem
622 1867 767 1933 omnium
788 1858 990 1953 animalium,
1020 1890 1060 1933 ao
1083 1867 1222 1935 subinde
1244 1889 1331 1938 unus
1355 1891 1426 1943 cum

133 1971 236 2038 altero
261 1973 360 2061 juxta
392 1974 653 2039 communionem
676 1975 816 2059 civilem,
851 1977 974 2044 amicus
999 1998 1072 2041 cum
1095 1977 1211 2060 amieo,
1246 1977 1331 2046 civis
1356 1999 1426 2053 eum

134 2077 216 2160 cive,
240 2079 347 2144 socius
371 2101 445 2145 cum
468 2081 555 2148 socio
580 2082 867 2149 exconsuetudine
881 2082 1008 2149 inlocis
1035 2081 1179 2149 honestis
1192 2093 1428 2168 convenerunt,

134 2181 265 2268 publice
289 2183 385 2249 simul
408 2184 640 2272 colloquentes,
672 2209 800 2274 exque
823 2187 904 2253 nihil
926 2186 1005 2252 mali
1027 2197 1175 2254 exortum
1197 2187 1268 2272 fuit,
1303 2189 1429 2259 sicula

133 2294 226 2374 parte
249 2288 296 2352 eis
320 2290 491 2373 contraria,
516 2299 612 2378 atque
634 2293 680 2356 ita
703 2291 790 2380 quod
814 2291 959 2379 departe
975 2290 1114 2358 adversa
1137 2291 1317 2377 dicebatur,
1343 2291 1426 2382 quod

135 2401 248 2457 contra
271 2415 306 2458 se
328 2395 550 2478 convenerint,
584 2395 665 2461 illud
701 2398 782 2485 ipsis
819 2396 1031 2485 imputabant,
1068 2419 1111 2462 ex
1146 2395 1230 2464 falsa
1253 2405 1286 2462 et
1309 2397 1429 2486 injusta

136 2497 320 2583 suspicione
342 2506 378 2562 11
400 2519 518 2586 nempe
540 2500 648 2566 laesus
670 2499 820 2566 illaesum
845 2508 960 2590 portet.
1004 2500 1118 2588 Itaque
1143 2522 1198 2568 111
1223 2522 1355 2591 semper
1377 2523 1427 2567 ar·

136 2608 284 2685 guarum,
322 2602 415 2689 quasi
437 2624 496 2689 per
519 2612 714 2669 conventum
737 2627 848 2670 eorum
869 2604 1043 2692 pacificum
1073 2604 1159 2671 mela
1182 2604 1345 2695 quaedam
1370 2606 1428 2673 ori·

136 2713 257 2789 rentur,
282 2726 365 2792 quae
388 2707 496 2772 omnia
519 2717 633 2794 postea
666 2710 701 2773 in
722 2718 816 2797 parte
841 2709 982 2775 adversa
1003 2709 1214 2798 apparebant,
1253 2709 1344 2799 quod
1367 2732 1429 2777 non

138 2808 242 2874 solum
275 2808 360 2875 male
395 2808 436 2875 de
469 2811 535 2877 illis
566 2814 737 2891 senserint,
777 2812 835 2880 sed
858 2823 891 2879 et
912 2813 1134 2880 fraudulentas
1167 2815 1369 2882 intentiones
1397 2817 1428 2881 11
1459 2862 1462 2869 -

137 2923 244 2979 actum
266 2914 388 2981 malum
410 2915 631 3003 perduxerint.
675 2919 727 2984 Ab
751 2919 807 2985 illo
829 2927 985 3007 tempore,
1009 2918 1139 3008 quando
1162 2918 1226 2986 duo
1248 2919 1334 2986 tales
1355 2919 1429 2988 boni

137 3018 278 3085 invicem
300 3019 524 3098 obviaverunt,
557 3044 623 3088 non
645 3025 716 3089 ausi
749 3023 879 3089 fuerunt
910 3024 1061 3089 sistentes
1095 3022 1245 3112 colloqui,
1284 3023 1346 3090 sed
1368 3024 1428 3091 luc·

141 3131 235 3190 11111
257 3125 399 3191 invicem
423 3125 579 3191 intuendo
603 3128 741 3192 transire
764 3126 957 3194 debuerunt.
1001 3127 1098 3194 Tales
1133 3136 1166 3194 11
1186 3128 1267 3194 alias
1291 3129 1429 3218 ineptias

136 3229 319 3316 Pragenses
343 3240 567 3314 causaverunt‚
602 3254 737 3320 quorum
770 3254 835 3297 non
859 3241 908 3297 est
930 3253 1094 3300 numerus.
1131 3232 1220 3298 Dum
1242 3253 1365 3321 nempe
1387 3231 1431 3298 illi

140 3332 288 3400 homines
313 3356 355 3399 ex
378 3337 467 3400 omni
489 3345 581 3425 parte
604 3338 639 3402 in
662 3337 821 3424 angustiis
844 3345 875 3402 11
897 3343 1084 3424 contemptu
1105 3331 1236 3402 fuerunt
1253 3337 1430 3418 constituti,

137 3459 213 3502 nam
235 3440 296 3504 etsi
317 3438 506 3524 voluissent,
529 3439 1301 3507 1111111111111111111111111111111111111111
1324 3461 1431 3528 agere,

138 3549 214 3606 tuno
236 3542 292 3608 1111
304 3544 545 3629 aversabantur,
570 3552 602 3609 et
623 3546 716 3633 quasi
738 3567 861 3632 angues
883 3543 1061 3632 fugiebant.
1083 3543 1126 3609 Et
1149 3544 1177 3608 si
1200 3543 1261 3611 soli
1292 3545 1381 3611 inter
1401 3564 1433 3610 se

138 3644 179 3711 de
201 3668 237 3711 re
260 3648 399 3735 quadarn
421 3649 556 3739 pacifice
590 3648 731 3737 colloqui
752 3650 933 3733 voluerunt,
966 3670 1044 3714 mox
1067 3649 1285 3736 suspicionem
1315 3650 1433 3716 malam

137 3747 359 3838 incurrerunt3
381 3755 491 3840 itaque
503 3753 975 3841 eisomniapraeoludebantur,
999 3774 1189 3842 quocunque
1209 3754 1346 3820 enimse
1362 3776 1433 3821 ver·

138 3865 255 3940 terunt,
279 3857 400 3945 ubique
422 3859 592 3944 angustiae
616 3879 670 3924 eos
692 3859 957 3948 insequebantur,
981 3858 1069 3948 quod
1090 3858 1188 3925 valde
1222 3858 1430 3927 intolerabile

138 3960 208 4036 fuit,
242 3971 274 4027 et
295 3963 377 4028 nulli
399 3963 565 4030 bominum
589 3963 749 4052 (exceptis
772 3965 918 4048 mortuis,
957 3964 1012 4051 qui
1041 3961 1226 4029 hominibus
1256 3963 1345 4029 vivis
1370 3983 1433 4030 non

140 4065 252 4152 egent)
293 4065 407 4133 solatio
431 4090 503 4134 esse
525 4070 638 4156 potuit.
683 4068 722 4133 Iu
740 4067 876 4157 judiciis
899 4066 1089 4133 domesticis
1111 4088 1215 4155 aeque
1247 4067 1373 4133 factum
1394 4069 1435 4134 111

139 4169 210 4252 fuit,
234 4169 309 4234 dum
334 4193 389 4237 eos
406 4173 538 4260 judiees
561 4173 696 4239 nimium
719 4182 962 4260 oppresserunt,
997 4194 1094 4260 super
1116 4171 1208 4256 alios,
1241 4194 1308 4239 non
1331 4171 1432 4251 admi·

139 4275 314 4340 nistrantes
350 4277 395 4342 eis
431 4277 610 4345 secundum
635 4280 711 4366 jura
735 4279 907 4371 justitiam,
944 4285 976 4343 et
1009 4277 1201 4366 adjuvantes
1236 4297 1292 4343 eos
1325 4288 1435 4343 contra

139 4387 264 4465 partem
288 4378 476 4465 adversam3
501 4382 648 4469 quamvis
671 4385 780 4473 itaque
803 4384 892 4461 littus
917 4383 1110 4483 attigissent,
1133 4382 1167 4448 in
1188 4380 1336 4471 periculo
1360 4403 1435 4473 qap·

140 4482 235 4568 fragii
257 4490 365 4548 tamen
387 4497 643 4572 permanserunt.
687 4489 775 4561 Dum
798 4487 961 4565 1111111111
976 4470 1143 4576 'parochus
1165 4487 1209 4552 ad
1231 4485 1435 4591 1115111111

141 4587 287 4674 quodam·
302 4598 446 4677 tempore
469 4590 564 4679 hujus
587 4595 664 4660 anni
687 4596 774 4661 circa
797 4595 883 4660 diem
907 4593 939 4660 S.
963 4592 1059 4675 Galli,
1083 4591 1136 4664 die
1159 4591 1325 4659 dominica
1338 4613 1435 4680 prae·

141 4689 289 4775 dicasset,
314 4702 410 4785 atque
432 4697 544 4767 inille
566 4701 723 4770 concione
746 4700 924 4774 Dominum
947 4700 1056 4772 Deum
1079 4696 1375 4798 promonemus
1399 4695 1437 4766 dt
1468 4789 1471 4796 ,
