2948 5040
1281 140 1434 243 m„

43 340 133 408 'men
156 332 239 429 nibil
263 343 368 409 eidem
390 340 521 430 profuit.
564 339 608 407 Et
628 324 808 407 baec'tunc
828 324 1012 409 habuerunt
1042 348 1077 409 st
1095 352 1267 430 gesserunt·
1293 348 1354 434 pro

55 448 194 514 honesto
215 449 313 515 modo
335 456 368 514 et
390 446 512 513 ordine.
562 529 566 541 .

141 553 206 618 Hic
228 575 305 628 vero
328 554 362 617 in
385 550 574 619 'consistorio
596 572 660 617 nec
669 550 903 641 accusatorem,
920 573 1026 640 neque
1049 561 1163 621 testem
1184 554 1352 641 nominare

56 657 230 723 voluerunt
250 644 411 741 accbsato,
434 655 492 721 sed
508 657 579 744 jam
600 656 646 721 ita
662 655 801 722 firmiter
821 664 1021 744 assumptum
1053 656 1129 746 fuis,
1157 659 1242 748 quod
1262 666 1352 741 com

17 828 22 836 ,
56 761 284 831 tradictionem
307 785 372 828 non
394 761 583 826 admiserint
592 760 736 846 3-‘verum
758 760 832 827 talis
852 769 889 828 ut
909 746 983 828 reus
1004 764 1201 849 permanere.
1228 764 1350 848 debuit,

57 875 92 933 ct
113 888 223 953 agere,
246 882 330 952 quae
350 865 601 957 illiflvoluerunt,
623 866 693 931 sine
715 867 802 932 omni
824 864 933 933 debita
959 866 1175 935 exauditione.
1217 868 1262 934 Et
1295 867 1353 933 ubi
1390 887 1397 923 t

57 971 300 1041 consistoriales
321 971 482 1036 instruere
502 972 537 1035 in
557 968 622 1035 fide
643 969 790 1036 homines
823 970 1023 1056 debuissent,
1056 979 1089 1038 et
1114 974 1150 1039 in
1171 972 1260 1039 viam
1291 971 1353 1039 bo·

56 1099 134 1142 nam
164 1074 329 1157 reducere,
362 1077 417 1163 qui
448 1097 526 1144 vers
548 1084 725 1162 errassent3
759 1075 889 1142 interim
922 1070 1122 1166 quaerebant
1145 1099 1188 1143 ex
1208 1078 1273 1145 illis
1305 1088 1362 1155 ea‚'
1450 1130 1454 1137 .

58 1181 199 1269 quaein
224 1178 480 1246 confessionibus
501 1180 621 1247 rescire
645 1201 711 1245 non
732 1177 924 1268 potuerunt3
946 1205 988 1249 an
1010 1205 1128 1272 nempe
1160 1182 1278 1270 aliquis
1300 1183 1353 1251 eol

57 1309 131 1352 rum
154 1285 246 1368 sciat,
269 1283 356 1372 quod
376 1285 449 1369 quis
470 1283 608 1355 voluerit
628 1285 818 1371 magistrum
831 1274 982 1371 ¹Passek,
1015 1286 1114 1375 Zyka
1144 1294 1177 1351 et
1197 1286 1353 1355 adminis-

59 1398 215 1455 tratorem
238 1389 397 1473 occidere,
421 1397 453 1454 et
481 1389 620 1456 fureritne
652 1389 821 1475 cumillis,
853 1390 910 1457 ille
930 1390 986 1458 a'ut
1007 1393 1099 1468 alius,
1131 1389 1185 1457 bic
1223 1393 1277 1460 rel
1306 1393 1354 1461 ibi

57 1484 91 1560 et
111 1496 162 1569 >sic
183 1493 316 1560 ulterius
339 1493 380 1559 de
402 1493 474 1559 aliis
495 1490 616 1563 multis.
657 1494 790 1583 Siquis
812 1503 918 1561 autem
940 1495 1042 1564 voluit
1056 1496 1097 1563 de
1112 1499 1245 1566 nodone
1267 1500 1353 1589 legis

59 1598 194 1664 divinae
216 1597 375 1685 quaedam
404 1596 595 1673 discurrere,
616 1607 672 1664 aut
698 1597 904 1690 respondere,
926 1598 1018 1677 illum
1044 1599 1153 1668 verbis
1185 1624 1353 1695 represse-

59 1698 150 1786 runt,
169 1701 323 1779 dicentes,
343 1711 380 1768 ut
401 1703 460 1787 bas
482 1705 703 1770 contentiones
725 1703 897 1791 relinquat,
919 1704 1006 1791 quod
1026 1706 1075 1773 illi
1101 1714 1161 1799 p'ro
1181 1709 1245 1777 hoo
1273 1719 1352 1781 tem·

56 1829 137 1896 pore
176 1807 220 1873 de
238 1807 316 1893 lege.
335 1806 400 1874 Dei
421 1807 504 1893 nibil
526 1807 706 1895 loquantur,
728 1808 787 1874 sed
808 1818 844 1876 ut
871 1810 927 1900 ills
959 1811 1117 1901 loquatur,
1141 1839 1233 1906 quae
1269 1820 1350 1908 ipsis

57 1916 201 2005 placent·
244 1914 407 1980 Professio
443 1913 529 1996 fidei,
561 1913 730 1979 instructio
773 1925 806 1978 et
835 1913 870 1978 in
892 1915 1038 1985 ecclesiis
1070 1924 1243 2007 revocatio,
1266 1946 1351 2013 quae

56 2020 275 2108 contigerunt
298 2017 329 2109 Ο
351 2018 443 2083 Deus
477 2017 651 2084 miserere!
668 2017 699 2085 Ο
719 2018 812 2085 Deus
834 2019 1009 2088 miserere!
1033 2022 1076 2088 ad
1098 2024 1351 2094 admirationem

56 2125 188 2214 partim,
211 2125 327 2212 partim
336 2122 378 2188 ad
390 2123 490 2188 risum
501 2132 657 2210 vergunt3
671 2144 747 2188 nam
755 2119 838 2189 illud
851 2130 928 2191 tunc
939 2126 1059 2193 factum
1066 2127 1136 2212 fuit,
1159 2129 1352 2199 dnmsacer-

56 2230 117 2294 dos
131 2225 261 2316 quidam
274 2229 407 2292 missam
418 2224 619 2293 absolvisset.
635 2226 708 2292 Hoc
719 2233 864 2316 tempore
874 2252 1034 2318 personae
1045 2232 1120 2299 illae
1131 2233 1243 2302 adhoc
1251 2221 1354 2302 desti-⁴

61 2342 158 2398 natac
167 2330 332 2400 flectentes
343 2331 495 2398 adultere
504 2329 600 2416 illud,
613 2331 810 2399 debuerunt·
821 2354 929 2400 coram
948 2344 1015 2404 toto
1032 2338 1151 2427 populo
1171 2340 1348 2409 sacerdotis

60 2436 325 2525 verba‘repetere,
339 2459 421 2527 quac
442 2436 506 2502 illis
529 2437 680 2523 imposita
700 2436 840 2521 suerunt,
856 2446 1096 2521 contemnentes
1105 2437 1350 2514 concionatores

56 2541 140 2625 illos,
155 2543 210 2630 qui
223 2541 451 2608 antecedenter
468 2539 603 2626 relegati
612 2540 750 2618 fuerunt,
763 2541 849 2629 quod
861 2565 916 2610 eos
933 2543 975 2609 de
990 2567 1068 2613 vera
1088 2546 1154 2615 fide
1176 2526 1351 2618 christiana
1370 2532 1373 2539 ¹
1398 2532 1402 2542 ¹

55 2647 92 2710 in
122 2668 248 2713 errores
285 2646 482 2728 seduxerint,
505 2634 537 2710 et
566 2644 637 2709 alia
658 2644 768 2729 multa,
790 2644 848 2711 ubi
885 2647 1016 2735 quidam
1037 2651 1080 2716 ad
1102 2651 1166 2719 boc
1186 2654 1349 2742 agendum

55 2751 162 2816 coacti
196 2750 342 2833 fuerunt,
376 2750 565 2817 nominatim
598 2748 728 2834 quidem
765 2749 978 2818 Wenceslaus
1014 2753 1169 2822 Podutlra
1203 2738 1351 2849 proprios

55 2879 134 2923 suos
155 2854 250 2938 filios,
271 2856 327 2942 qui
344 2856 415 2942 jam
437 2877 456 2920 e
479 2855 545 2920 vita
565 2851 783 2937 decesserant,
804 2855 855 2920 bis
877 2856 987 2923 verbis
999 2848 1204 2927 contemnere
1227 2860 1350 2947 debuit,

55 2959 145 3049 quod
166 2961 271 3025 etiam-
282 2957 436 3047 populum
448 2957 645 3023 seduxerint.
678 2957 773 3023 Multi
794 2967 902 3025 autem
922 2982 989 3026 non
1009 2961 1105 3029 aliter
1128 2965 1171 3030 ad
1202 2964 1276 3032 illos
1300 2989 1366 3052 sag

54 3065 205 3131 cerdotss
239 3061 492 3129 contemnendos
513 3048 651 3145 iverunt,
674 3060 767 3150 q'uasi
788 3063 831 3128 ad
866 3063 1112 3133 decollationem
1135 3069 1350 3157 ducerentur3

54 3169 210 3256 quidam,
223 3168 281 3234 sed
302 3169 398 3256 pauci
418 3167 500 3233 baec
520 3165 628 3233 tacere
662 3166 875 3253 recusabant3
911 3171 966 3258 qui
994 3193 1072 3238 vero
1106 3183 1367 3257 consenserunt.

55 3283 193 3360 egerunt
214 3272 269 3356 ita,
292 3282 387 3360 prout
407 3271 473 3337 illis
495 3269 684 3335 mandatum
707 3270 777 3336 fait.
799 3270 883 3337 Tum
905 3275 1010 3363 primo
1022 3275 1262 3345 administrator
1272 3300 1353 3345 cum.

55 3378 247 3444 consistorio
275 3376 349 3442 ¹illis
383 3374 531 3442 omnibus
554 3373 675 3440 dabant
696 3374 806 3442 literas
828 3379 1114 3447 testimomoniales
1148 3381 1208 3448 sub
1239 3381 1348 3469 sigillo

56 3481 281 3563 consistoriali,
318 3486 597 3568 recognoscentes,
619 3477 693 3544 illos
729 3501 800 3545 esse
822 3479 922 3547 bonos
944 3493 978 3549 et
1008 3482 1122 3551 fideles
1155 3484 1347 3553 christianos

9 3650 11 3656 ,
56 3586 234 3653 secundum
266 3608 377 3652 veram
399 3592 543 3651 sanctam
564 3589 700 3650 matrem
733 3583 914 3669 ecclesiam,
942 3595 1038 3676 atque
1067 3588 1121 3655 hic
1143 3611 1215 3655 esse
1236 3588 1348 3656 debuit

55 3691 185 3757 culmen
200 3692 296 3778 juris.
341 3690 406 3757 Sed
427 3689 534 3755 adbuc
556 3689 618 3754 hoc
639 3689 675 3754 in
712 3711 867 3776 suspenso
907 3690 977 3775 fuit,
1009 3702 1106 3780 prout
1137 3693 1271 3765 ulterius
1293 3716 1347 3761 au·

55 3795 173 3861 dictur.
218 3795 300 3861 Cum
335 3793 385 3858 bis
407 3791 509 3858 literis
531 3791 662 3859 tandem
684 3793 805 3859 curiam
837 3795 959 3862 intrare
992 3795 1183 3880 debuemmt,
1205 3806 1240 3864 et
1259 3796 1347 3887 apud

55 3911 203 3969 senatum
238 3902 313 3967 illos
348 3899 511 3966 exhibere.
565 3887 700 3966 Talibus
721 3902 802 3966 visis
824 3901 937 3985 literis,
959 3901 1142 3988 Progenses
1162 3923 1262 3968 manu
1290 3903 1347 3968 sti·

54 4008 168 4096 putata
200 4005 377 4094 quemlibet
408 4006 541 4070 seorsim
578 4027 638 4092 pro
659 4005 732 4072 cive
753 4005 796 4071 de
817 4028 902 4073 noro
931 4014 1185 4093 assumpserunt,
1208 4005 1344 4073 adstn'n·
1414 4065 1416 4069 ,

54 4123 170 4198 gentes
193 4111 255 4177 sibi
277 4110 350 4177 illos
372 4111 408 4176 in
429 4109 670 4197 obligationem,
691 4118 727 4176 ut
748 4111 900 4177 articulos
922 4133 1025 4178 novos
1060 4133 1258 4196 communes,
1276 4111 1347 4199 jum

54 4225 151 4282 antea
173 4200 317 4303 scriptos,
340 4223 490 4279 tueantur
513 4223 545 4279 et
565 4213 750 4280 defendant.
793 4215 910 4281 Postea
932 4216 1043 4281 statim
1069 4214 1197 4305 sliquos
1219 4216 1260 4283 de
1281 4215 1347 4283 illis

53 4320 182 4385 Passelr
205 4320 246 4385 de
268 4320 363 4386 Wrat
383 4318 541 4385 allocutus
563 4318 632 4402 fuit,
656 4319 789 4383 dicens:
812 4318 899 4406 quod
910 4339 984 4386 raro
1006 4342 1079 4386 caro
1092 4318 1143 4386 bis
1154 4329 1247 4388 cocta
1260 4319 1346 4387 bona

54 4446 128 4491 esse
139 4424 250 4507 soleat,
263 4424 347 4488 sicut
357 4424 479 4489 amicus
486 4422 538 4489 bis
548 4421 785 4506 reconciliatus,
797 4420 921 4489 addens
932 4445 940 4488 ι
953 4443 1031 4492 cum.
1039 4426 1129 4512 prius
1136 4425 1192 4511 jus
1206 4433 1238 4490 et
1248 4422 1347 4491 fidem

53 4537 196 4596 vestram
229 4526 445 4615 perdideritis,
481 4527 670 4594 recedentes
705 4549 727 4591 a
746 4525 811 4592 fide
833 4536 945 4595 contra
965 4530 1084 4613 Deum,
1115 4550 1188 4594 cum
1210 4526 1347 4596 difficul·

52 4640 121 4699 tate
144 4655 264 4720 magna
286 4630 469 4698 hominibus
490 4631 590 4698 fidem
612 4630 793 4699 servabitis.
838 4631 945 4713 Quem
966 4654 1044 4721 ergo
1065 4631 1111 4699 ita
1123 4641 1348 4720 susceperuut,

52 4736 137 4805 felix
155 4737 228 4823 tuit,
250 4746 283 4808 et
304 4736 382 4805 huic
403 4735 534 4805 andem
554 4736 665 4833 primo
696 4735 949 4826 negotiationem
970 4759 1077 4824 suam,
1095 4745 1156 4805 aut
1182 4735 1361 4822 osticium
