<?xml version="1.0" encoding="UTF-8"?>
<!DOCTYPE html PUBLIC "-//W3C//DTD XHTML 1.0 Transitional//EN"
    "http://www.w3.org/TR/xhtml1/DTD/xhtml1-transitional.dtd">
<html xmlns="http://www.w3.org/1999/xhtml" xml:lang="en" lang="en">
 <head>
  <title>
</title>
<meta http-equiv="Content-Type" content="text/html;charset=utf-8" />
  <meta name='ocr-system' content='tesseract 3.04.00' />
  <meta name='ocr-capabilities' content='ocr_page ocr_carea ocr_par ocr_line ocrx_word'/>
</head>
<body>
  <div class='ocr_page' id='page_1' title='image "./desbartholomusv00bartgoog_0176.png"; bbox 0 0 2948 5040; ppageno 0'>
   <div class='ocr_carea' id='block_1_1' title="bbox 1310 146 1374 217">
    <p class='ocr_par' dir='ltr' id='par_1_1' title="bbox 1310 146 1374 217">
     <span class='ocr_line' id='line_1_1' title="bbox 1310 146 1374 217; baseline 0.063 -4"><span class='ocrx_word' id='word_1_1' title='bbox 1310 146 1374 217; x_wconf 80' lang='lat'>1⁶3</span> 
     </span>
    </p>
   </div>
   <div class='ocr_carea' id='block_1_2' title="bbox 78 318 1373 934">
    <p class='ocr_par' dir='ltr' id='par_1_2' title="bbox 78 318 1373 827">
     <span class='ocr_line' id='line_1_2' title="bbox 80 318 1373 403; baseline -0.001 -16"><span class='ocrx_word' id='word_1_2' title='bbox 80 319 198 389; x_wconf 85' lang='lat' dir='ltr'>fideles</span> <span class='ocrx_word' id='word_1_3' title='bbox 219 322 396 388; x_wconf 77' lang='lat' dir='ltr'>etamieos</span> <span class='ocrx_word' id='word_1_4' title='bbox 418 321 454 386; x_wconf 92' lang='lat' dir='ltr'>in</span> <span class='ocrx_word' id='word_1_5' title='bbox 474 319 548 386; x_wconf 90' lang='lat' dir='ltr'>Deo</span> <span class='ocrx_word' id='word_1_6' title='bbox 572 318 686 387; x_wconf 88' lang='lat' dir='ltr'>charos</span> <span class='ocrx_word' id='word_1_7' title='bbox 708 321 744 387; x_wconf 88' lang='lat' dir='ltr'>in</span> <span class='ocrx_word' id='word_1_8' title='bbox 764 320 923 388; x_wconf 89' lang='lat' dir='ltr'>Bohemia</span> <span class='ocrx_word' id='word_1_9' title='bbox 943 329 1004 388; x_wconf 84' lang='lat' dir='ltr'>eut·</span> <span class='ocrx_word' id='word_1_10' title='bbox 1024 319 1170 389; x_wconf 84' lang='lat' dir='ltr'>Moravie</span> <span class='ocrx_word' id='word_1_11' title='bbox 1185 320 1373 403; x_wconf 74' lang='lat' dir='ltr'>existentes,</span> 
     </span>
     <span class='ocr_line' id='line_1_3' title="bbox 79 424 1373 514; baseline 0 -21"><span class='ocrx_word' id='word_1_12' title='bbox 79 449 121 493; x_wconf 90' lang='lat' dir='ltr'>ac</span> <span class='ocrx_word' id='word_1_13' title='bbox 143 448 257 492; x_wconf 88' lang='lat' dir='ltr'>omnes</span> <span class='ocrx_word' id='word_1_14' title='bbox 280 426 449 494; x_wconf 86' lang='lat' dir='ltr'>credentes</span> <span class='ocrx_word' id='word_1_15' title='bbox 472 433 561 491; x_wconf 90' lang='lat' dir='ltr'>orate</span> <span class='ocrx_word' id='word_1_16' title='bbox 582 447 643 512; x_wconf 94' lang='lat' dir='ltr'>pro</span> <span class='ocrx_word' id='word_1_17' title='bbox 663 447 717 492; x_wconf 91' lang='lat' dir='ltr'>me</span> <span class='ocrx_word' id='word_1_18' title='bbox 749 435 919 513; x_wconf 80' lang='lat' dir='ltr'>peccatore</span> <span class='ocrx_word' id='word_1_19' title='bbox 954 425 1132 493; x_wconf 87' lang='lat' dir='ltr'>secundum</span> <span class='ocrx_word' id='word_1_20' title='bbox 1159 424 1251 509; x_wconf 89' lang='lat' dir='ltr'>illud,</span> <span class='ocrx_word' id='word_1_21' title='bbox 1287 427 1373 514; x_wconf 93' lang='lat' dir='ltr'>quod</span> 
     </span>
     <span class='ocr_line' id='line_1_4' title="bbox 79 526 1372 619; baseline -0.003 -18"><span class='ocrx_word' id='word_1_22' title='bbox 79 541 180 601; x_wconf 87' lang='lat' dir='ltr'>antea</span> <span class='ocrx_word' id='word_1_23' title='bbox 199 530 320 599; x_wconf 91' lang='lat' dir='ltr'>dictum</span> <span class='ocrx_word' id='word_1_24' title='bbox 341 530 411 596; x_wconf 83' lang='lat' dir='ltr'>fuit.</span> <span class='ocrx_word' id='word_1_25' title='bbox 448 529 564 595; x_wconf 81' lang='lat' dir='ltr'>Frater</span> <span class='ocrx_word' id='word_1_26' title='bbox 578 526 743 613; x_wconf 75' lang='lat' dir='ltr'>Laurenti,</span> <span class='ocrx_word' id='word_1_27' title='bbox 759 529 932 597; x_wconf 88' lang='lat' dir='ltr'>recordare</span> <span class='ocrx_word' id='word_1_28' title='bbox 954 529 1070 619; x_wconf 85' lang='lat' dir='ltr'>hujusl</span> <span class='ocrx_word' id='word_1_29' title='bbox 1095 530 1210 596; x_wconf 79' lang='lat' dir='ltr'>Gratia</span> <span class='ocrx_word' id='word_1_30' title='bbox 1230 529 1295 595; x_wconf 93' lang='lat' dir='ltr'>Dei</span> <span class='ocrx_word' id='word_1_31' title='bbox 1317 554 1372 597; x_wconf 88' lang='lat' dir='ltr'>vo·</span> 
     </span>
     <span class='ocr_line' id='line_1_5' title="bbox 80 633 1373 718; baseline 0 -13"><span class='ocrx_word' id='word_1_32' title='bbox 80 638 208 705; x_wconf 89' lang='lat' dir='ltr'>biscum</span> <span class='ocrx_word' id='word_1_33' title='bbox 229 643 359 703; x_wconf 89' lang='lat' dir='ltr'>maneat</span> <span class='ocrx_word' id='word_1_34' title='bbox 381 643 414 701; x_wconf 91' lang='lat' dir='ltr'>et</span> <span class='ocrx_word' id='word_1_35' title='bbox 435 633 595 700; x_wconf 86' lang='lat' dir='ltr'>custodiat</span> <span class='ocrx_word' id='word_1_36' title='bbox 615 642 740 700; x_wconf 86' lang='lat' dir='ltr'>mentes</span> <span class='ocrx_word' id='word_1_37' title='bbox 765 634 899 701; x_wconf 88' lang='lat' dir='ltr'>Vestras</span> <span class='ocrx_word' id='word_1_38' title='bbox 916 635 952 701; x_wconf 90' lang='lat' dir='ltr'>in</span> <span class='ocrx_word' id='word_1_39' title='bbox 976 633 1108 718; x_wconf 84' lang='lat' dir='ltr'>Ghristo</span> <span class='ocrx_word' id='word_1_40' title='bbox 1128 633 1210 701; x_wconf 87' lang='lat' dir='ltr'>Jeeu</span> <span class='ocrx_word' id='word_1_41' title='bbox 1231 634 1373 705; x_wconf 89' lang='lat' dir='ltr'>Domino</span> 
     </span>
     <span class='ocr_line' id='line_1_6' title="bbox 78 736 1255 827; baseline -0.004 -18"><span class='ocrx_word' id='word_1_42' title='bbox 78 749 214 827; x_wconf 84' lang='lat' dir='ltr'>nostro,</span> <span class='ocrx_word' id='word_1_43' title='bbox 244 739 370 809; x_wconf 84' lang='lat' dir='ltr'>Amen!</span> <span class='ocrx_word' id='word_1_44' title='bbox 393 738 515 804; x_wconf 86' lang='lat' dir='ltr'>Datum</span> <span class='ocrx_word' id='word_1_45' title='bbox 536 736 572 803; x_wconf 92' lang='lat' dir='ltr'>in</span> <span class='ocrx_word' id='word_1_46' title='bbox 593 738 647 805; x_wconf 87' lang='lat' dir='ltr'>die</span> <span class='ocrx_word' id='word_1_47' title='bbox 669 740 812 805; x_wconf 90' lang='lat' dir='ltr'>omnium</span> <span class='ocrx_word' id='word_1_48' title='bbox 834 747 1019 806; x_wconf 88' lang='lat' dir='ltr'>sanctorum</span> <span class='ocrx_word' id='word_1_49' title='bbox 1040 739 1136 805; x_wconf 88' lang='lat' dir='ltr'>Anno</span> <span class='ocrx_word' id='word_1_50' title='bbox 1160 737 1255 807; x_wconf 80' lang='lat'>1525.</span> 
     </span>
    </p>

    <p class='ocr_par' dir='ltr' id='par_1_3' title="bbox 95 830 1072 934">
     <span class='ocr_line' id='line_1_7' title="bbox 95 830 1072 934; baseline 0.003 -26"><span class='ocrx_word' id='word_1_51' title='bbox 95 848 100 853; x_wconf 87' lang='lat'>&#39;</span> <span class='ocrx_word' id='word_1_52' title='bbox 333 892 337 905; x_wconf 88' lang='lat'><strong>.</strong></span> <span class='ocrx_word' id='word_1_53' title='bbox 380 842 521 910; x_wconf 83' lang='lat' dir='ltr'>Mathias</span> <span class='ocrx_word' id='word_1_54' title='bbox 544 844 691 930; x_wconf 81' lang='lat' dir='ltr'>captivus</span> <span class='ocrx_word' id='word_1_55' title='bbox 714 830 791 930; x_wconf 88' lang='lat' dir='ltr'>Dei,</span> <span class='ocrx_word' id='word_1_56' title='bbox 812 866 911 911; x_wconf 88' lang='lat' dir='ltr'>manu</span> <span class='ocrx_word' id='word_1_57' title='bbox 932 846 1072 934; x_wconf 88' lang='lat' dir='ltr'>propria.</span> 
     </span>
    </p>
   </div>
   <div class='ocr_carea' id='block_1_3' title="bbox 561 1001 836 1085">
    <p class='ocr_par' dir='ltr' id='par_1_4' title="bbox 561 1001 836 1085">
     <span class='ocr_line' id='line_1_8' title="bbox 561 1001 836 1085; baseline -0.004 -4"><span class='ocrx_word' id='word_1_58' title='bbox 561 1001 565 1007; x_wconf 42' lang='lat'><strong>⁴</strong></span> <span class='ocrx_word' id='word_1_59' title='bbox 616 1013 762 1085; x_wconf 75' lang='lat' dir='ltr'><strong>CAPUT</strong></span> <span class='ocrx_word' id='word_1_60' title='bbox 783 1015 836 1082; x_wconf 79' lang='lat'>21.</span> 
     </span>
    </p>
   </div>
   <div class='ocr_carea' id='block_1_4' title="bbox 79 1194 1373 1710">
    <p class='ocr_par' dir='ltr' id='par_1_5' title="bbox 79 1194 1373 1710">
     <span class='ocr_line' id='line_1_9' title="bbox 81 1194 1373 1279; baseline -0.001 -18"><span class='ocrx_word' id='word_1_61' title='bbox 81 1197 147 1262; x_wconf 85' lang='lat' dir='ltr'>Ubi</span> <span class='ocrx_word' id='word_1_62' title='bbox 168 1194 350 1271; x_wconf 88' lang='lat' dir='ltr'>insinuatur,</span> <span class='ocrx_word' id='word_1_63' title='bbox 382 1196 461 1274; x_wconf 91' lang='lat' dir='ltr'>qnod</span> <span class='ocrx_word' id='word_1_64' title='bbox 481 1196 650 1274; x_wconf 86' lang='lat' dir='ltr'>Pragcnses</span> <span class='ocrx_word' id='word_1_65' title='bbox 673 1196 710 1255; x_wconf 89' lang='lat' dir='ltr'>de</span> <span class='ocrx_word' id='word_1_66' title='bbox 739 1197 933 1274; x_wconf 79' lang='lat' dir='ltr'>comportetis</span> <span class='ocrx_word' id='word_1_67' title='bbox 966 1205 1057 1276; x_wconf 85' lang='lat' dir='ltr'>agant</span> <span class='ocrx_word' id='word_1_68' title='bbox 1090 1207 1120 1258; x_wconf 92' lang='lat' dir='ltr'>et</span> <span class='ocrx_word' id='word_1_69' title='bbox 1140 1200 1179 1259; x_wconf 90' lang='lat' dir='ltr'>sd</span> <span class='ocrx_word' id='word_1_70' title='bbox 1209 1200 1284 1260; x_wconf 88' lang='lat' dir='ltr'>baec</span> <span class='ocrx_word' id='word_1_71' title='bbox 1305 1198 1373 1279; x_wconf 84' lang='lat' dir='ltr'>per·</span> 
     </span>
     <span class='ocr_line' id='line_1_10' title="bbox 81 1278 1367 1362; baseline -0.002 -14"><span class='ocrx_word' id='word_1_72' title='bbox 81 1304 178 1349; x_wconf 83' lang='lat' dir='ltr'>sonae</span> <span class='ocrx_word' id='word_1_73' title='bbox 200 1285 311 1344; x_wconf 88' lang='lat' dir='ltr'>electae</span> <span class='ocrx_word' id='word_1_74' title='bbox 332 1284 531 1344; x_wconf 88' lang='lat' dir='ltr'>nominantur.</span> <span class='ocrx_word' id='word_1_75' title='bbox 560 1283 639 1343; x_wconf 83' lang='lat' dir='ltr'>Item</span> <span class='ocrx_word' id='word_1_76' title='bbox 661 1278 799 1343; x_wconf 90' lang='lat' dir='ltr'>dominus</span> <span class='ocrx_word' id='word_1_77' title='bbox 815 1283 890 1342; x_wconf 86' lang='lat' dir='ltr'>Lew</span> <span class='ocrx_word' id='word_1_78' title='bbox 911 1303 1010 1345; x_wconf 89' lang='lat' dir='ltr'>coram</span> <span class='ocrx_word' id='word_1_79' title='bbox 1024 1287 1245 1362; x_wconf 87' lang='lat' dir='ltr'>regennntium</span> <span class='ocrx_word' id='word_1_80' title='bbox 1265 1307 1367 1347; x_wconf 87' lang='lat' dir='ltr'>recen·</span> 
     </span>
     <span class='ocr_line' id='line_1_11' title="bbox 81 1367 1371 1451; baseline 0.002 -18"><span class='ocrx_word' id='word_1_81' title='bbox 81 1382 139 1451; x_wconf 85' lang='lat' dir='ltr'>set,</span> <span class='ocrx_word' id='word_1_82' title='bbox 173 1379 203 1431; x_wconf 89' lang='lat' dir='ltr'>et</span> <span class='ocrx_word' id='word_1_83' title='bbox 232 1370 350 1432; x_wconf 88' lang='lat' dir='ltr'>Passek</span> <span class='ocrx_word' id='word_1_84' title='bbox 382 1370 477 1430; x_wconf 91' lang='lat' dir='ltr'>eidem</span> <span class='ocrx_word' id='word_1_85' title='bbox 510 1371 584 1430; x_wconf 87' lang='lat' dir='ltr'>haec</span> <span class='ocrx_word' id='word_1_86' title='bbox 614 1371 776 1430; x_wconf 84' lang='lat' dir='ltr'>coufirmat.</span> <span class='ocrx_word' id='word_1_87' title='bbox 819 1371 981 1431; x_wconf 86' lang='lat' dir='ltr'>Praeterea</span> <span class='ocrx_word' id='word_1_88' title='bbox 1001 1367 1128 1433; x_wconf 90' lang='lat' dir='ltr'>Bohemi</span> <span class='ocrx_word' id='word_1_89' title='bbox 1156 1375 1265 1434; x_wconf 86' lang='lat' dir='ltr'>iterum</span> <span class='ocrx_word' id='word_1_90' title='bbox 1295 1376 1371 1435; x_wconf 88' lang='lat' dir='ltr'>alios</span> 
     </span>
     <span class='ocr_line' id='line_1_12' title="bbox 82 1456 1373 1540; baseline 0.001 -20"><span class='ocrx_word' id='word_1_91' title='bbox 82 1458 188 1520; x_wconf 83' lang='lat' dir='ltr'>statim</span> <span class='ocrx_word' id='word_1_92' title='bbox 210 1459 331 1519; x_wconf 87' lang='lat' dir='ltr'>nuutios</span> <span class='ocrx_word' id='word_1_93' title='bbox 354 1476 421 1517; x_wconf 92' lang='lat' dir='ltr'>cum</span> <span class='ocrx_word' id='word_1_94' title='bbox 443 1457 539 1517; x_wconf 88' lang='lat' dir='ltr'>literis</span> <span class='ocrx_word' id='word_1_95' title='bbox 566 1456 718 1533; x_wconf 89' lang='lat' dir='ltr'>miserunt,</span> <span class='ocrx_word' id='word_1_96' title='bbox 749 1457 964 1536; x_wconf 86' lang='lat' dir='ltr'>significantes,</span> <span class='ocrx_word' id='word_1_97' title='bbox 1001 1461 1080 1536; x_wconf 89' lang='lat' dir='ltr'>quod</span> <span class='ocrx_word' id='word_1_98' title='bbox 1102 1461 1141 1520; x_wconf 87' lang='lat' dir='ltr'>ad</span> <span class='ocrx_word' id='word_1_99' title='bbox 1171 1456 1373 1540; x_wconf 85' lang='lat' dir='ltr'>suprascripta</span> 
     </span>
     <span class='ocr_line' id='line_1_13' title="bbox 79 1543 1371 1627; baseline 0.001 -20"><span class='ocrx_word' id='word_1_100' title='bbox 79 1545 219 1608; x_wconf 88' lang='lat' dir='ltr'>nuntiata</span> <span class='ocrx_word' id='word_1_101' title='bbox 241 1565 299 1606; x_wconf 92' lang='lat' dir='ltr'>non</span> <span class='ocrx_word' id='word_1_102' title='bbox 328 1543 523 1605; x_wconf 85' lang='lat' dir='ltr'>consentiant.</span> <span class='ocrx_word' id='word_1_103' title='bbox 568 1545 702 1603; x_wconf 73' lang='lat' dir='ltr'>&#39;landem</span> <span class='ocrx_word' id='word_1_104' title='bbox 736 1544 856 1604; x_wconf 80' lang='lat' dir='ltr'>articuli</span> <span class='ocrx_word' id='word_1_105' title='bbox 879 1564 917 1603; x_wconf 86' lang='lat' dir='ltr'>ex</span> <span class='ocrx_word' id='word_1_106' title='bbox 946 1547 1139 1623; x_wconf 86' lang='lat' dir='ltr'>compactatis</span> <span class='ocrx_word' id='word_1_107' title='bbox 1162 1548 1311 1627; x_wconf 87' lang='lat' dir='ltr'>leguntur,</span> <span class='ocrx_word' id='word_1_108' title='bbox 1342 1557 1371 1608; x_wconf 93' lang='lat' dir='ltr'>et</span> 
     </span>
     <span class='ocr_line' id='line_1_14' title="bbox 334 1630 1276 1710; baseline 0.004 -21"><span class='ocrx_word' id='word_1_109' title='bbox 334 1630 451 1710; x_wconf 84' lang='lat' dir='ltr'>legatus</span> <span class='ocrx_word' id='word_1_110' title='bbox 472 1651 569 1709; x_wconf 86' lang='lat' dir='ltr'>papae</span> <span class='ocrx_word' id='word_1_111' title='bbox 591 1650 682 1709; x_wconf 89' lang='lat' dir='ltr'>supra</span> <span class='ocrx_word' id='word_1_112' title='bbox 703 1632 757 1690; x_wconf 87' lang='lat' dir='ltr'>boe</span> <span class='ocrx_word' id='word_1_113' title='bbox 780 1631 921 1692; x_wconf 79' lang='lat' dir='ltr'>articulos</span> <span class='ocrx_word' id='word_1_114' title='bbox 943 1633 1116 1710; x_wconf 83' lang='lat' dir='ltr'>respondet.</span> <span class='ocrx_word' id='word_1_115' title='bbox 1272 1634 1276 1653; x_wconf 75' lang='lat'><strong>²</strong></span> 
     </span>
    </p>
   </div>
   <div class='ocr_carea' id='block_1_5' title="bbox 71 1797 1448 4511">
    <p class='ocr_par' dir='ltr' id='par_1_6' title="bbox 71 1797 1448 4511">
     <span class='ocr_line' id='line_1_15' title="bbox 164 1797 1372 1888; baseline 0.002 -24"><span class='ocrx_word' id='word_1_116' title='bbox 164 1797 239 1865; x_wconf 92' lang='lat' dir='ltr'>Hoc</span> <span class='ocrx_word' id='word_1_117' title='bbox 260 1820 345 1867; x_wconf 90' lang='lat' dir='ltr'>anno</span> <span class='ocrx_word' id='word_1_118' title='bbox 367 1800 551 1887; x_wconf 82' lang='lat' dir='ltr'>Pragenres</span> <span class='ocrx_word' id='word_1_119' title='bbox 572 1806 647 1885; x_wconf 91' lang='lat' dir='ltr'>post</span> <span class='ocrx_word' id='word_1_120' title='bbox 661 1798 789 1866; x_wconf 79' lang='lat' dir='ltr'>Pascha</span> <span class='ocrx_word' id='word_1_121' title='bbox 811 1799 968 1888; x_wconf 87' lang='lat' dir='ltr'>quosdam</span> <span class='ocrx_word' id='word_1_122' title='bbox 990 1799 1162 1867; x_wconf 90' lang='lat' dir='ltr'>demedio</span> <span class='ocrx_word' id='word_1_123' title='bbox 1184 1822 1243 1867; x_wconf 91' lang='lat' dir='ltr'>suo</span> <span class='ocrx_word' id='word_1_124' title='bbox 1266 1798 1372 1887; x_wconf 89' lang='lat' dir='ltr'>elege-</span> 
     </span>
     <span class='ocr_line' id='line_1_16' title="bbox 76 1901 1370 1993; baseline -0.002 -22"><span class='ocrx_word' id='word_1_125' title='bbox 76 1911 153 1971; x_wconf 81' lang='lat' dir='ltr'>rant</span> <span class='ocrx_word' id='word_1_126' title='bbox 174 1901 341 1989; x_wconf 83' lang='lat' dir='ltr'>ablegatos</span> <span class='ocrx_word' id='word_1_127' title='bbox 362 1905 398 1969; x_wconf 93' lang='lat' dir='ltr'>in</span> <span class='ocrx_word' id='word_1_128' title='bbox 426 1903 628 1990; x_wconf 89' lang='lat' dir='ltr'>Hungariam</span> <span class='ocrx_word' id='word_1_129' title='bbox 650 1902 693 1968; x_wconf 86' lang='lat' dir='ltr'>sd</span> <span class='ocrx_word' id='word_1_130' title='bbox 714 1925 826 1990; x_wconf 89' lang='lat' dir='ltr'>regem</span> <span class='ocrx_word' id='word_1_131' title='bbox 848 1912 881 1969; x_wconf 91' lang='lat' dir='ltr'>et</span> <span class='ocrx_word' id='word_1_132' title='bbox 912 1902 954 1969; x_wconf 90' lang='lat' dir='ltr'>ad</span> <span class='ocrx_word' id='word_1_133' title='bbox 987 1926 1091 1993; x_wconf 85' lang='lat' dir='ltr'>papae</span> <span class='ocrx_word' id='word_1_134' title='bbox 1123 1905 1267 1992; x_wconf 83' lang='lat' dir='ltr'>legatum</span> <span class='ocrx_word' id='word_1_135' title='bbox 1298 1905 1370 1969; x_wconf 91' lang='lat' dir='ltr'>mit-</span> 
     </span>
     <span class='ocr_line' id='line_1_17' title="bbox 75 2006 1371 2095; baseline 0 -19"><span class='ocrx_word' id='word_1_136' title='bbox 75 2006 203 2091; x_wconf 88' lang='lat' dir='ltr'>tendos,</span> <span class='ocrx_word' id='word_1_137' title='bbox 228 2008 284 2095; x_wconf 91' lang='lat' dir='ltr'>qui</span> <span class='ocrx_word' id='word_1_138' title='bbox 305 2006 428 2075; x_wconf 88' lang='lat' dir='ltr'>ibidem</span> <span class='ocrx_word' id='word_1_139' title='bbox 449 2007 491 2073; x_wconf 92' lang='lat' dir='ltr'>de</span> <span class='ocrx_word' id='word_1_140' title='bbox 506 2006 714 2094; x_wconf 86' lang='lat' dir='ltr'>compactatie</span> <span class='ocrx_word' id='word_1_141' title='bbox 737 2017 845 2094; x_wconf 84' lang='lat' dir='ltr'>agant,</span> <span class='ocrx_word' id='word_1_142' title='bbox 861 2008 960 2095; x_wconf 87' lang='lat' dir='ltr'>juxta</span> <span class='ocrx_word' id='word_1_143' title='bbox 970 2007 1156 2075; x_wconf 89' lang='lat' dir='ltr'>conclusum</span> <span class='ocrx_word' id='word_1_144' title='bbox 1170 2011 1371 2076; x_wconf 90' lang='lat' dir='ltr'>comitiorum</span> 
     </span>
     <span class='ocr_line' id='line_1_18' title="bbox 74 2111 1448 2203; baseline 0 -25"><span class='ocrx_word' id='word_1_145' title='bbox 74 2111 343 2203; x_wconf 82' lang='lat' dir='ltr'>praecedentium</span> <span class='ocrx_word' id='word_1_146' title='bbox 375 2112 409 2177; x_wconf 91' lang='lat' dir='ltr'>in</span> <span class='ocrx_word' id='word_1_147' title='bbox 443 2111 497 2178; x_wconf 91' lang='lat' dir='ltr'>die</span> <span class='ocrx_word' id='word_1_148' title='bbox 525 2111 746 2178; x_wconf 87' lang='lat' dir='ltr'>conversionis</span> <span class='ocrx_word' id='word_1_149' title='bbox 763 2111 801 2178; x_wconf 73' lang='grc'>,8.</span> <span class='ocrx_word' id='word_1_150' title='bbox 824 2111 921 2178; x_wconf 86' lang='lat' dir='ltr'>Pauli</span> <span class='ocrx_word' id='word_1_151' title='bbox 950 2112 1143 2197; x_wconf 89' lang='lat' dir='ltr'>habitorum,</span> <span class='ocrx_word' id='word_1_152' title='bbox 1178 2112 1370 2201; x_wconf 89' lang='lat' dir='ltr'>etquidem</span> <span class='ocrx_word' id='word_1_153' title='bbox 1445 2130 1448 2135; x_wconf 76' lang='grc'>’</span> 
     </span>
     <span class='ocr_line' id='line_1_19' title="bbox 75 2215 1369 2304; baseline 0 -21"><span class='ocrx_word' id='word_1_154' title='bbox 75 2216 267 2283; x_wconf 87' lang='lat' dir='ltr'>nominatim</span> <span class='ocrx_word' id='word_1_155' title='bbox 297 2224 491 2304; x_wconf 83' lang='lat' dir='ltr'>sequentes:</span> <span class='ocrx_word' id='word_1_156' title='bbox 525 2217 717 2302; x_wconf 88' lang='lat' dir='ltr'>magistrum</span> <span class='ocrx_word' id='word_1_157' title='bbox 737 2216 873 2301; x_wconf 88' lang='lat' dir='ltr'>Passek,</span> <span class='ocrx_word' id='word_1_158' title='bbox 896 2215 1057 2283; x_wconf 78' lang='lat' dir='ltr'>loannem</span> <span class='ocrx_word' id='word_1_159' title='bbox 1092 2216 1228 2284; x_wconf 87' lang='lat' dir='ltr'>Karban</span> <span class='ocrx_word' id='word_1_160' title='bbox 1257 2217 1299 2282; x_wconf 93' lang='lat' dir='ltr'>de</span> <span class='ocrx_word' id='word_1_161' title='bbox 1322 2238 1369 2283; x_wconf 89' lang='lat' dir='ltr'>se-</span> 
     </span>
     <span class='ocr_line' id='line_1_20' title="bbox 78 2318 1370 2406; baseline 0.002 -22"><span class='ocrx_word' id='word_1_162' title='bbox 78 2327 180 2405; x_wconf 73' lang='lat' dir='ltr'>natu,</span> <span class='ocrx_word' id='word_1_163' title='bbox 201 2319 374 2406; x_wconf 75' lang='lat' dir='ltr'>Georgium</span> <span class='ocrx_word' id='word_1_164' title='bbox 395 2318 529 2386; x_wconf 77' lang='lat' dir='ltr'>Jesuek</span> <span class='ocrx_word' id='word_1_165' title='bbox 550 2319 593 2387; x_wconf 89' lang='lat' dir='ltr'>de</span> <span class='ocrx_word' id='word_1_166' title='bbox 618 2320 799 2387; x_wconf 87' lang='lat' dir='ltr'>senioribus</span> <span class='ocrx_word' id='word_1_167' title='bbox 811 2322 1059 2404; x_wconf 85' lang='lat' dir='ltr'>communitatis,</span> <span class='ocrx_word' id='word_1_168' title='bbox 1083 2332 1116 2389; x_wconf 89' lang='lat' dir='ltr'>et</span> <span class='ocrx_word' id='word_1_169' title='bbox 1137 2321 1178 2388; x_wconf 90' lang='lat' dir='ltr'>de</span> <span class='ocrx_word' id='word_1_170' title='bbox 1202 2323 1370 2388; x_wconf 83' lang='lat' dir='ltr'>civitatum</span> 
     </span>
     <span class='ocr_line' id='line_1_21' title="bbox 80 2421 1371 2513; baseline 0.002 -23"><span class='ocrx_word' id='word_1_171' title='bbox 80 2421 237 2508; x_wconf 78' lang='lat' dir='ltr'>ablegatis</span> <span class='ocrx_word' id='word_1_172' title='bbox 259 2423 472 2490; x_wconf 88' lang='lat' dir='ltr'>Nicodemum</span> <span class='ocrx_word' id='word_1_173' title='bbox 494 2433 528 2490; x_wconf 90' lang='lat' dir='ltr'>et</span> <span class='ocrx_word' id='word_1_174' title='bbox 559 2425 753 2512; x_wconf 87' lang='lat' dir='ltr'>Georgium·</span> <span class='ocrx_word' id='word_1_175' title='bbox 769 2425 810 2491; x_wconf 91' lang='lat' dir='ltr'>de</span> <span class='ocrx_word' id='word_1_176' title='bbox 831 2426 1002 2513; x_wconf 82' lang='lat' dir='ltr'>Klatovis3</span> <span class='ocrx_word' id='word_1_177' title='bbox 1035 2426 1077 2493; x_wconf 91' lang='lat' dir='ltr'>de</span> <span class='ocrx_word' id='word_1_178' title='bbox 1110 2436 1196 2493; x_wconf 86' lang='lat' dir='ltr'>statu</span> <span class='ocrx_word' id='word_1_179' title='bbox 1215 2426 1371 2493; x_wconf 24' lang='lat' dir='ltr'>*clericali</span> 
     </span>
     <span class='ocr_line' id='line_1_22' title="bbox 76 2528 1370 2618; baseline 0 -20"><span class='ocrx_word' id='word_1_180' title='bbox 76 2542 156 2598; x_wconf 81' lang='lat' dir='ltr'>v&#39;ero</span> <span class='ocrx_word' id='word_1_181' title='bbox 180 2528 311 2596; x_wconf 88' lang='lat' dir='ltr'>Gallum</span> <span class='ocrx_word' id='word_1_182' title='bbox 340 2529 631 2597; x_wconf 87' lang='lat' dir='ltr'>administratorem</span> <span class='ocrx_word' id='word_1_183' title='bbox 670 2530 865 2615; x_wconf 85' lang='lat' dir='ltr'>inferiorern,</span> <span class='ocrx_word' id='word_1_184' title='bbox 894 2533 1086 2618; x_wconf 87' lang='lat' dir='ltr'>magistrum</span> <span class='ocrx_word' id='word_1_185' title='bbox 1118 2531 1275 2599; x_wconf 90' lang='lat' dir='ltr'>Mathiam</span> <span class='ocrx_word' id='word_1_186' title='bbox 1304 2532 1370 2598; x_wconf 90' lang='lat' dir='ltr'>Ko-</span> 
     </span>
     <span class='ocr_line' id='line_1_23' title="bbox 73 2628 1370 2725; baseline 0 -23"><span class='ocrx_word' id='word_1_187' title='bbox 73 2633 234 2719; x_wconf 88' lang='lat' dir='ltr'>rambum,</span> <span class='ocrx_word' id='word_1_188' title='bbox 268 2644 302 2700; x_wconf 91' lang='lat' dir='ltr'>et</span> <span class='ocrx_word' id='word_1_189' title='bbox 329 2634 529 2701; x_wconf 86' lang='lat' dir='ltr'>sacerdotem</span> <span class='ocrx_word' id='word_1_190' title='bbox 550 2635 712 2702; x_wconf 80' lang='lat' dir='ltr'>loannem</span> <span class='ocrx_word' id='word_1_191' title='bbox 746 2635 907 2702; x_wconf 90' lang='lat' dir='ltr'>decanum</span> <span class='ocrx_word' id='word_1_192' title='bbox 938 2628 1370 2725; x_wconf 86' lang='lat' dir='ltr'>Reginae-Hradecensem.</span> 
     </span>
     <span class='ocr_line' id='line_1_24' title="bbox 74 2739 1371 2830; baseline 0.001 -23"><span class='ocrx_word' id='word_1_193' title='bbox 74 2739 122 2807; x_wconf 88' lang='lat' dir='ltr'>Hi</span> <span class='ocrx_word' id='word_1_194' title='bbox 141 2760 255 2806; x_wconf 89' lang='lat' dir='ltr'>omnes</span> <span class='ocrx_word' id='word_1_195' title='bbox 276 2739 409 2806; x_wconf 88' lang='lat' dir='ltr'>fuerunt</span> <span class='ocrx_word' id='word_1_196' title='bbox 430 2762 473 2806; x_wconf 85' lang='lat' dir='ltr'>ex</span> <span class='ocrx_word' id='word_1_197' title='bbox 494 2748 586 2827; x_wconf 88' lang='lat' dir='ltr'>parte</span> <span class='ocrx_word' id='word_1_198' title='bbox 608 2740 668 2807; x_wconf 88' lang='lat' dir='ltr'>sub</span> <span class='ocrx_word' id='word_1_199' title='bbox 692 2749 825 2829; x_wconf 87' lang='lat' dir='ltr'>utraque</span> <span class='ocrx_word' id='word_1_200' title='bbox 851 2741 961 2830; x_wconf 89' lang='lat' dir='ltr'>specie</span> <span class='ocrx_word' id='word_1_201' title='bbox 983 2743 1295 2810; x_wconf 88' lang='lat' dir='ltr'>communicantium.</span> <span class='ocrx_word' id='word_1_202' title='bbox 1316 2742 1371 2808; x_wconf 84' lang='lat' dir='ltr'>Ex</span> 
     </span>
     <span class='ocr_line' id='line_1_25' title="bbox 74 2845 1368 2938; baseline 0.002 -26"><span class='ocrx_word' id='word_1_203' title='bbox 74 2853 171 2934; x_wconf 88' lang='lat' dir='ltr'>parte</span> <span class='ocrx_word' id='word_1_204' title='bbox 192 2867 270 2913; x_wconf 85' lang='lat' dir='ltr'>vero</span> <span class='ocrx_word' id='word_1_205' title='bbox 290 2845 438 2912; x_wconf 87' lang='lat' dir='ltr'>Romana</span> <span class='ocrx_word' id='word_1_206' title='bbox 458 2853 629 2934; x_wconf 86' lang='lat' dir='ltr'>sequentes</span> <span class='ocrx_word' id='word_1_207' title='bbox 649 2846 812 2913; x_wconf 75' lang='lat' dir='ltr'>fueruntz-</span> <span class='ocrx_word' id='word_1_208' title='bbox 830 2846 997 2934; x_wconf 88' lang='lat' dir='ltr'>Princeps·</span> <span class='ocrx_word' id='word_1_209' title='bbox 1010 2847 1147 2914; x_wconf 87' lang='lat' dir='ltr'>Garolus</span> <span class='ocrx_word' id='word_1_210' title='bbox 1169 2852 1368 2938; x_wconf 87' lang='lat' dir='ltr'>capitaneus,</span> 
     </span>
     <span class='ocr_line' id='line_1_26' title="bbox 77 2949 1368 3038; baseline 0.002 -19"><span class='ocrx_word' id='word_1_211' title='bbox 77 2949 231 3019; x_wconf 87' lang='lat' dir='ltr'>dominns</span> <span class='ocrx_word' id='word_1_212' title='bbox 252 2949 389 3016; x_wconf 85' lang='lat' dir='ltr'>Zdenko</span> <span class='ocrx_word' id='word_1_213' title='bbox 421 2949 509 3033; x_wconf 82' lang='lat' dir='ltr'>Lew,</span> <span class='ocrx_word' id='word_1_214' title='bbox 542 2970 710 3038; x_wconf 85' lang='lat' dir='ltr'>supremus</span> <span class='ocrx_word' id='word_1_215' title='bbox 732 2949 957 3037; x_wconf 88' lang='lat' dir='ltr'>burggravius,</span> <span class='ocrx_word' id='word_1_216' title='bbox 992 2951 1142 3020; x_wconf 89' lang='lat' dir='ltr'>dominus</span> <span class='ocrx_word' id='word_1_217' title='bbox 1171 2954 1368 3021; x_wconf 87' lang='lat' dir='ltr'>Adalbertue</span> 
     </span>
     <span class='ocr_line' id='line_1_27' title="bbox 77 3036 1369 3141; baseline 0.001 -18"><span class='ocrx_word' id='word_1_218' title='bbox 77 3055 121 3123; x_wconf 94' lang='lat' dir='ltr'>de</span> <span class='ocrx_word' id='word_1_219' title='bbox 157 3055 338 3137; x_wconf 87' lang='lat' dir='ltr'>Pernstein,</span> <span class='ocrx_word' id='word_1_220' title='bbox 372 3057 522 3125; x_wconf 88' lang='lat' dir='ltr'>dominus</span> <span class='ocrx_word' id='word_1_221' title='bbox 552 3055 714 3121; x_wconf 88' lang='lat' dir='ltr'>Henricus</span> <span class='ocrx_word' id='word_1_222' title='bbox 747 3036 962 3141; x_wconf 70' lang='lat' dir='ltr'>Gwihoweky,</span> <span class='ocrx_word' id='word_1_223' title='bbox 994 3055 1140 3124; x_wconf 88' lang='lat' dir='ltr'>dominus</span> <span class='ocrx_word' id='word_1_224' title='bbox 1172 3057 1369 3126; x_wconf 77' lang='lat' dir='ltr'>Buttthrad·</span> 
     </span>
     <span class='ocr_line' id='line_1_28' title="bbox 76 3142 1368 3257; baseline 0.002 -30"><span class='ocrx_word' id='word_1_225' title='bbox 76 3159 152 3248; x_wconf 82' lang='lat' dir='ltr'>sky,</span> <span class='ocrx_word' id='word_1_226' title='bbox 185 3158 356 3226; x_wconf 88' lang='lat' dir='ltr'>deislsus</span> <span class='ocrx_word' id='word_1_227' title='bbox 379 3160 421 3227; x_wconf 93' lang='lat' dir='ltr'>de</span> <span class='ocrx_word' id='word_1_228' title='bbox 443 3142 589 3228; x_wconf 72' lang='lat' dir='ltr'>Gebirow</span> <span class='ocrx_word' id='word_1_229' title='bbox 611 3159 719 3226; x_wconf 88' lang='lat' dir='ltr'>scriba</span> <span class='ocrx_word' id='word_1_230' title='bbox 739 3160 842 3246; x_wconf 89' lang='lat' dir='ltr'>regni,</span> <span class='ocrx_word' id='word_1_231' title='bbox 880 3171 913 3228; x_wconf 90' lang='lat' dir='ltr'>et</span> <span class='ocrx_word' id='word_1_232' title='bbox 933 3162 992 3229; x_wconf 90' lang='lat' dir='ltr'>alii</span> <span class='ocrx_word' id='word_1_233' title='bbox 1014 3163 1136 3232; x_wconf 90' lang='lat' dir='ltr'>domini</span> <span class='ocrx_word' id='word_1_234' title='bbox 1159 3189 1198 3232; x_wconf 86' lang='lat' dir='ltr'>ac</span> <span class='ocrx_word' id='word_1_235' title='bbox 1233 3169 1368 3257; x_wconf 89' lang='lat' dir='ltr'>equites.</span> 
     </span>
     <span class='ocr_line' id='line_1_29' title="bbox 73 3253 1367 3354; baseline 0.004 -21"><span class='ocrx_word' id='word_1_236' title='bbox 73 3267 229 3354; x_wconf 83' lang='lat' dir='ltr'>Ablegsti</span> <span class='ocrx_word' id='word_1_237' title='bbox 250 3289 328 3335; x_wconf 88' lang='lat' dir='ltr'>vero</span> <span class='ocrx_word' id='word_1_238' title='bbox 352 3269 519 3336; x_wconf 85' lang='lat' dir='ltr'>civitatum</span> <span class='ocrx_word' id='word_1_239' title='bbox 540 3288 582 3332; x_wconf 87' lang='lat' dir='ltr'>ex</span> <span class='ocrx_word' id='word_1_240' title='bbox 603 3265 848 3352; x_wconf 86' lang='lat' dir='ltr'>parteRomsna</span> <span class='ocrx_word' id='word_1_241' title='bbox 868 3267 903 3333; x_wconf 91' lang='lat' dir='ltr'>bi</span> <span class='ocrx_word' id='word_1_242' title='bbox 923 3267 1200 3339; x_wconf 85' lang='lat' dir='ltr'>fuerunt:Petrus</span> <span class='ocrx_word' id='word_1_243' title='bbox 1221 3253 1367 3340; x_wconf 64' lang='lat' dir='ltr'>Sidaeek</span> 
     </span>
     <span class='ocr_line' id='line_1_30' title="bbox 77 3369 1367 3458; baseline 0.005 -20"><span class='ocrx_word' id='word_1_244' title='bbox 77 3371 257 3455; x_wconf 85' lang='lat' dir='ltr'>Planensis,</span> <span class='ocrx_word' id='word_1_245' title='bbox 294 3372 390 3439; x_wconf 88' lang='lat' dir='ltr'>etde</span> <span class='ocrx_word' id='word_1_246' title='bbox 423 3380 508 3439; x_wconf 87' lang='lat' dir='ltr'>statu</span> <span class='ocrx_word' id='word_1_247' title='bbox 529 3369 670 3436; x_wconf 87' lang='lat' dir='ltr'>clericali</span> <span class='ocrx_word' id='word_1_248' title='bbox 699 3369 844 3436; x_wconf 86' lang='lat' dir='ltr'>Joannes</span> <span class='ocrx_word' id='word_1_249' title='bbox 876 3371 971 3437; x_wconf 89' lang='lat' dir='ltr'>Zsuk</span> <span class='ocrx_word' id='word_1_250' title='bbox 1007 3372 1130 3458; x_wconf 90' lang='lat' dir='ltr'>doctor,</span> <span class='ocrx_word' id='word_1_251' title='bbox 1165 3383 1198 3441; x_wconf 95' lang='lat' dir='ltr'>et</span> <span class='ocrx_word' id='word_1_252' title='bbox 1231 3375 1367 3444; x_wconf 81' lang='lat' dir='ltr'>admini-</span> 
     </span>
     <span class='ocr_line' id='line_1_31' title="bbox 80 3475 1367 3566; baseline 0.004 -24"><span class='ocrx_word' id='word_1_253' title='bbox 80 3484 199 3543; x_wconf 81' lang='lat' dir='ltr'>strator</span> <span class='ocrx_word' id='word_1_254' title='bbox 232 3479 317 3543; x_wconf 87' lang='lat' dir='ltr'>arcis</span> <span class='ocrx_word' id='word_1_255' title='bbox 349 3477 535 3566; x_wconf 88' lang='lat' dir='ltr'>Pragensis,</span> <span class='ocrx_word' id='word_1_256' title='bbox 568 3477 723 3563; x_wconf 88' lang='lat' dir='ltr'>magister</span> <span class='ocrx_word' id='word_1_257' title='bbox 765 3475 878 3542; x_wconf 83' lang='lat' dir='ltr'>Simon</span> <span class='ocrx_word' id='word_1_258' title='bbox 916 3479 1100 3555; x_wconf 89' lang='lat' dir='ltr'>canonicus,</span> <span class='ocrx_word' id='word_1_259' title='bbox 1134 3487 1166 3544; x_wconf 91' lang='lat' dir='ltr'>et</span> <span class='ocrx_word' id='word_1_260' title='bbox 1200 3501 1274 3546; x_wconf 90' lang='lat' dir='ltr'>cum</span> <span class='ocrx_word' id='word_1_261' title='bbox 1310 3480 1367 3548; x_wconf 92' lang='lat' dir='ltr'>illo</span> 
     </span>
     <span class='ocr_line' id='line_1_32' title="bbox 79 3567 1365 3667; baseline 0.001 -17"><span class='ocrx_word' id='word_1_262' title='bbox 79 3567 136 3651; x_wconf 86' lang='lat' dir='ltr'>alii</span> <span class='ocrx_word' id='word_1_263' title='bbox 159 3584 231 3651; x_wconf 80' lang='lat' dir='ltr'>duo</span> <span class='ocrx_word' id='word_1_264' title='bbox 246 3587 402 3652; x_wconf 88' lang='lat' dir='ltr'>canonici.</span> <span class='ocrx_word' id='word_1_265' title='bbox 440 3583 485 3648; x_wconf 88' lang='lat' dir='ltr'>Hi</span> <span class='ocrx_word' id='word_1_266' title='bbox 507 3603 619 3648; x_wconf 88' lang='lat' dir='ltr'>omnes</span> <span class='ocrx_word' id='word_1_267' title='bbox 642 3581 749 3667; x_wconf 88' lang='lat' dir='ltr'>Praga</span> <span class='ocrx_word' id='word_1_268' title='bbox 770 3579 990 3648; x_wconf 88' lang='lat' dir='ltr'>discesserunt</span> <span class='ocrx_word' id='word_1_269' title='bbox 1010 3584 1097 3648; x_wconf 89' lang='lat' dir='ltr'>circa</span> <span class='ocrx_word' id='word_1_270' title='bbox 1126 3583 1213 3650; x_wconf 91' lang='lat' dir='ltr'>diem</span> <span class='ocrx_word' id='word_1_271' title='bbox 1234 3583 1268 3650; x_wconf 79' lang='lat' dir='ltr'>S.</span> <span class='ocrx_word' id='word_1_272' title='bbox 1291 3585 1365 3652; x_wconf 81' lang='lat' dir='ltr'>Flo-</span> 
     </span>
     <span class='ocr_line' id='line_1_33' title="bbox 78 3685 1366 3780; baseline 0.002 -25"><span class='ocrx_word' id='word_1_273' title='bbox 78 3689 163 3756; x_wconf 89' lang='lat' dir='ltr'>riani</span> <span class='ocrx_word' id='word_1_274' title='bbox 187 3689 221 3776; x_wconf 82' lang='lat'>(5</span> <span class='ocrx_word' id='word_1_275' title='bbox 230 3689 321 3780; x_wconf 83' lang='lat' dir='ltr'>Maj.)</span> <span class='ocrx_word' id='word_1_276' title='bbox 343 3699 375 3756; x_wconf 94' lang='lat' dir='ltr'>et</span> <span class='ocrx_word' id='word_1_277' title='bbox 396 3688 473 3755; x_wconf 91' lang='lat' dir='ltr'>dum</span> <span class='ocrx_word' id='word_1_278' title='bbox 483 3685 610 3752; x_wconf 91' lang='lat' dir='ltr'>Budam</span> <span class='ocrx_word' id='word_1_279' title='bbox 631 3685 849 3769; x_wconf 83' lang='lat' dir='ltr'>advenissent,</span> <span class='ocrx_word' id='word_1_280' title='bbox 872 3697 1079 3754; x_wconf 85' lang='lat' dir='ltr'>accesserunt</span> <span class='ocrx_word' id='word_1_281' title='bbox 1096 3710 1208 3776; x_wconf 88' lang='lat' dir='ltr'>regem</span> <span class='ocrx_word' id='word_1_282' title='bbox 1229 3688 1366 3758; x_wconf 86' lang='lat' dir='ltr'>dieeab·</span> 
     </span>
     <span class='ocr_line' id='line_1_34' title="bbox 77 3790 1363 3881; baseline 0.002 -22"><span class='ocrx_word' id='word_1_283' title='bbox 77 3793 145 3859; x_wconf 89' lang='lat' dir='ltr'>bati</span> <span class='ocrx_word' id='word_1_284' title='bbox 167 3802 241 3881; x_wconf 88' lang='lat' dir='ltr'>post</span> <span class='ocrx_word' id='word_1_285' title='bbox 261 3793 348 3860; x_wconf 90' lang='lat' dir='ltr'>diem</span> <span class='ocrx_word' id='word_1_286' title='bbox 371 3792 405 3859; x_wconf 88' lang='lat' dir='ltr'>S.</span> <span class='ocrx_word' id='word_1_287' title='bbox 420 3792 561 3880; x_wconf 88' lang='lat' dir='ltr'>Sophiae</span> <span class='ocrx_word' id='word_1_288' title='bbox 577 3790 746 3880; x_wconf 81' lang='lat' dir='ltr'>(20Maj.)‚</span> <span class='ocrx_word' id='word_1_289' title='bbox 769 3793 858 3878; x_wconf 87' lang='lat' dir='ltr'>prius</span> <span class='ocrx_word' id='word_1_290' title='bbox 871 3792 1039 3858; x_wconf 86' lang='lat' dir='ltr'>consilium</span> <span class='ocrx_word' id='word_1_291' title='bbox 1048 3793 1133 3859; x_wconf 91' lang='lat' dir='ltr'>inter</span> <span class='ocrx_word' id='word_1_292' title='bbox 1155 3817 1189 3859; x_wconf 90' lang='lat' dir='ltr'>se</span> <span class='ocrx_word' id='word_1_293' title='bbox 1204 3795 1363 3874; x_wconf 90' lang='lat' dir='ltr'>ineuntes,</span> 
     </span>
     <span class='ocr_line' id='line_1_35' title="bbox 74 3895 1365 3987; baseline 0.002 -23"><span class='ocrx_word' id='word_1_294' title='bbox 74 3897 130 3964; x_wconf 87' lang='lat' dir='ltr'>ubi</span> <span class='ocrx_word' id='word_1_295' title='bbox 141 3898 291 3965; x_wconf 86' lang='lat' dir='ltr'>dominus</span> <span class='ocrx_word' id='word_1_296' title='bbox 302 3899 381 3965; x_wconf 84' lang='lat' dir='ltr'>Lew</span> <span class='ocrx_word' id='word_1_297' title='bbox 391 3899 522 3963; x_wconf 91' lang='lat' dir='ltr'>nomine</span> <span class='ocrx_word' id='word_1_298' title='bbox 536 3895 678 3962; x_wconf 91' lang='lat' dir='ltr'>omnium</span> <span class='ocrx_word' id='word_1_299' title='bbox 689 3897 925 3962; x_wconf 85' lang='lat' dir='ltr'>nominatarum</span> <span class='ocrx_word' id='word_1_300' title='bbox 933 3919 1143 3985; x_wconf 87' lang='lat' dir='ltr'>personarum</span> <span class='ocrx_word' id='word_1_301' title='bbox 1154 3920 1175 3963; x_wconf 89' lang='lat' dir='ltr'>a</span> <span class='ocrx_word' id='word_1_302' title='bbox 1186 3906 1252 3964; x_wconf 89' lang='lat' dir='ltr'>toto</span> <span class='ocrx_word' id='word_1_303' title='bbox 1263 3922 1365 3987; x_wconf 89' lang='lat' dir='ltr'>regno</span> 
     </span>
     <span class='ocr_line' id='line_1_36' title="bbox 71 3999 1365 4092; baseline 0.002 -24"><span class='ocrx_word' id='word_1_304' title='bbox 71 4002 251 4069; x_wconf 89' lang='lat' dir='ltr'>Bohemiae</span> <span class='ocrx_word' id='word_1_305' title='bbox 272 4013 305 4069; x_wconf 92' lang='lat' dir='ltr'>et</span> <span class='ocrx_word' id='word_1_306' title='bbox 327 4001 471 4092; x_wconf 88' lang='lat' dir='ltr'>ejusdem</span> <span class='ocrx_word' id='word_1_307' title='bbox 492 3999 608 4066; x_wconf 86' lang='lat' dir='ltr'>incolis</span> <span class='ocrx_word' id='word_1_308' title='bbox 629 4001 664 4065; x_wconf 91' lang='lat' dir='ltr'>in</span> <span class='ocrx_word' id='word_1_309' title='bbox 686 4001 776 4065; x_wconf 91' lang='lat' dir='ltr'>omni</span> <span class='ocrx_word' id='word_1_310' title='bbox 806 4000 1020 4067; x_wconf 88' lang='lat' dir='ltr'>submissione</span> <span class='ocrx_word' id='word_1_311' title='bbox 1054 4001 1190 4067; x_wconf 85' lang='lat' dir='ltr'>salutem</span> <span class='ocrx_word' id='word_1_312' title='bbox 1216 4005 1288 4090; x_wconf 88' lang='lat' dir='ltr'>regi</span> <span class='ocrx_word' id='word_1_313' title='bbox 1309 4028 1365 4071; x_wconf 85' lang='lat' dir='ltr'>an·</span> 
     </span>
     <span class='ocr_line' id='line_1_37' title="bbox 72 4103 1367 4194; baseline 0.005 -23"><span class='ocrx_word' id='word_1_314' title='bbox 72 4108 253 4192; x_wconf 73' lang='lat' dir='ltr'>nuntiavit,</span> <span class='ocrx_word' id='word_1_315' title='bbox 277 4107 390 4174; x_wconf 89' lang='lat' dir='ltr'>dicens</span> <span class='ocrx_word' id='word_1_316' title='bbox 416 4105 556 4189; x_wconf 89' lang='lat' dir='ltr'>tandem,</span> <span class='ocrx_word' id='word_1_317' title='bbox 579 4103 665 4193; x_wconf 93' lang='lat' dir='ltr'>quod</span> <span class='ocrx_word' id='word_1_318' title='bbox 678 4126 789 4170; x_wconf 90' lang='lat' dir='ltr'>omnes</span> <span class='ocrx_word' id='word_1_319' title='bbox 802 4113 868 4170; x_wconf 90' lang='lat' dir='ltr'>tres</span> <span class='ocrx_word' id='word_1_320' title='bbox 891 4113 991 4171; x_wconf 86' lang='lat' dir='ltr'>status</span> <span class='ocrx_word' id='word_1_321' title='bbox 1013 4109 1107 4194; x_wconf 90' lang='lat' dir='ltr'>regni</span> <span class='ocrx_word' id='word_1_322' title='bbox 1126 4106 1303 4176; x_wconf 89' lang='lat' dir='ltr'>Bohemiae</span> <span class='ocrx_word' id='word_1_323' title='bbox 1326 4110 1367 4177; x_wconf 92' lang='lat' dir='ltr'>de</span> 
     </span>
     <span class='ocr_line' id='line_1_38' title="bbox 75 4208 1366 4302; baseline 0.003 -24"><span class='ocrx_word' id='word_1_324' title='bbox 75 4220 169 4301; x_wconf 88' lang='lat' dir='ltr'>parte</span> <span class='ocrx_word' id='word_1_325' title='bbox 191 4221 327 4301; x_wconf 88' lang='lat' dir='ltr'>utraque</span> <span class='ocrx_word' id='word_1_326' title='bbox 347 4214 383 4278; x_wconf 92' lang='lat' dir='ltr'>in</span> <span class='ocrx_word' id='word_1_327' title='bbox 405 4212 493 4276; x_wconf 91' lang='lat' dir='ltr'>omni</span> <span class='ocrx_word' id='word_1_328' title='bbox 515 4209 671 4275; x_wconf 89' lang='lat' dir='ltr'>charitate</span> <span class='ocrx_word' id='word_1_329' title='bbox 693 4208 895 4275; x_wconf 89' lang='lat' dir='ltr'>concorditer</span> <span class='ocrx_word' id='word_1_330' title='bbox 917 4214 1138 4296; x_wconf 86' lang='lat' dir='ltr'>convenerint,</span> <span class='ocrx_word' id='word_1_331' title='bbox 1166 4236 1285 4302; x_wconf 87' lang='lat' dir='ltr'>nempe</span> <span class='ocrx_word' id='word_1_332' title='bbox 1311 4214 1366 4283; x_wconf 89' lang='lat' dir='ltr'>ba-</span> 
     </span>
     <span class='ocr_line' id='line_1_39' title="bbox 72 4316 1363 4413; baseline 0.006 -31"><span class='ocrx_word' id='word_1_333' title='bbox 72 4338 190 4383; x_wconf 89' lang='lat' dir='ltr'>ronum</span> <span class='ocrx_word' id='word_1_334' title='bbox 212 4324 324 4400; x_wconf 88' lang='lat' dir='ltr'>status,</span> <span class='ocrx_word' id='word_1_335' title='bbox 359 4317 517 4402; x_wconf 85' lang='lat' dir='ltr'>equestris</span> <span class='ocrx_word' id='word_1_336' title='bbox 540 4322 573 4381; x_wconf 87' lang='lat' dir='ltr'>et</span> <span class='ocrx_word' id='word_1_337' title='bbox 605 4316 710 4382; x_wconf 88' lang='lat' dir='ltr'>civilis</span> <span class='ocrx_word' id='word_1_338' title='bbox 743 4316 803 4382; x_wconf 85' lang='lat' dir='ltr'>sub</span> <span class='ocrx_word' id='word_1_339' title='bbox 836 4340 910 4402; x_wconf 91' lang='lat' dir='ltr'>una,</span> <span class='ocrx_word' id='word_1_340' title='bbox 960 4341 1034 4385; x_wconf 91' lang='lat' dir='ltr'>cum</span> <span class='ocrx_word' id='word_1_341' title='bbox 1076 4329 1161 4387; x_wconf 86' lang='lat' dir='ltr'>statu</span> <span class='ocrx_word' id='word_1_342' title='bbox 1197 4322 1363 4413; x_wconf 85' lang='lat' dir='ltr'>baronum,</span> 
     </span>
     <span class='ocr_line' id='line_1_40' title="bbox 74 4420 1364 4511; baseline 0.005 -23"><span class='ocrx_word' id='word_1_343' title='bbox 74 4423 217 4511; x_wconf 88' lang='lat' dir='ltr'>equestri</span> <span class='ocrx_word' id='word_1_344' title='bbox 239 4430 272 4487; x_wconf 93' lang='lat' dir='ltr'>et</span> <span class='ocrx_word' id='word_1_345' title='bbox 293 4421 383 4488; x_wconf 86' lang='lat' dir='ltr'>civili</span> <span class='ocrx_word' id='word_1_346' title='bbox 404 4421 506 4509; x_wconf 87' lang='lat' dir='ltr'>partis</span> <span class='ocrx_word' id='word_1_347' title='bbox 521 4420 581 4487; x_wconf 85' lang='lat' dir='ltr'>sub</span> <span class='ocrx_word' id='word_1_348' title='bbox 603 4429 738 4510; x_wconf 87' lang='lat' dir='ltr'>utraque</span> <span class='ocrx_word' id='word_1_349' title='bbox 762 4425 871 4510; x_wconf 89' lang='lat' dir='ltr'>specie</span> <span class='ocrx_word' id='word_1_350' title='bbox 884 4426 1200 4493; x_wconf 89' lang='lat' dir='ltr'>communicantium.</span> <span class='ocrx_word' id='word_1_351' title='bbox 1232 4428 1277 4493; x_wconf 86' lang='lat' dir='ltr'>Et</span> <span class='ocrx_word' id='word_1_352' title='bbox 1298 4430 1364 4494; x_wconf 87' lang='lat' dir='ltr'>ait:</span> 
     </span>
    </p>
   </div>
   <div class='ocr_carea' id='block_1_6' title="bbox 71 4524 1380 4828">
    <p class='ocr_par' dir='ltr' id='par_1_7' title="bbox 71 4524 1380 4828">
     <span class='ocr_line' id='line_1_41' title="bbox 76 4524 1363 4620; baseline 0.005 -28"><span class='ocrx_word' id='word_1_353' title='bbox 76 4524 192 4615; x_wconf 88' lang='lat' dir='ltr'>Itaque</span> <span class='ocrx_word' id='word_1_354' title='bbox 214 4546 323 4592; x_wconf 90' lang='lat' dir='ltr'>coram</span> <span class='ocrx_word' id='word_1_355' title='bbox 344 4525 462 4591; x_wconf 89' lang='lat' dir='ltr'>Vestra</span> <span class='ocrx_word' id='word_1_356' title='bbox 492 4524 662 4613; x_wconf 86' lang='lat' dir='ltr'>Majestate</span> <span class='ocrx_word' id='word_1_357' title='bbox 693 4527 797 4612; x_wconf 86' lang='lat' dir='ltr'>Regia</span> <span class='ocrx_word' id='word_1_358' title='bbox 835 4527 938 4596; x_wconf 90' lang='lat' dir='ltr'>libere</span> <span class='ocrx_word' id='word_1_359' title='bbox 971 4532 1243 4618; x_wconf 88' lang='lat' dir='ltr'>recognoscimus,</span> <span class='ocrx_word' id='word_1_360' title='bbox 1276 4532 1363 4620; x_wconf 89' lang='lat' dir='ltr'>quod</span> 
     </span>
     <span class='ocr_line' id='line_1_42' title="bbox 72 4629 1363 4725; baseline 0.005 -28"><span class='ocrx_word' id='word_1_361' title='bbox 72 4629 134 4715; x_wconf 94' lang='lat' dir='ltr'>illi,</span> <span class='ocrx_word' id='word_1_362' title='bbox 156 4630 213 4717; x_wconf 91' lang='lat' dir='ltr'>qui</span> <span class='ocrx_word' id='word_1_363' title='bbox 233 4630 318 4696; x_wconf 88' lang='lat' dir='ltr'>inter</span> <span class='ocrx_word' id='word_1_364' title='bbox 337 4651 398 4695; x_wconf 91' lang='lat' dir='ltr'>nos</span> <span class='ocrx_word' id='word_1_365' title='bbox 421 4651 538 4717; x_wconf 87' lang='lat' dir='ltr'>corpus</span> <span class='ocrx_word' id='word_1_366' title='bbox 560 4638 593 4696; x_wconf 91' lang='lat' dir='ltr'>et</span> <span class='ocrx_word' id='word_1_367' title='bbox 614 4633 805 4718; x_wconf 88' lang='lat' dir='ltr'>sanguinem</span> <span class='ocrx_word' id='word_1_368' title='bbox 835 4633 957 4703; x_wconf 84' lang='lat' dir='ltr'>Ghristi</span> <span class='ocrx_word' id='word_1_369' title='bbox 990 4645 1121 4703; x_wconf 87' lang='lat' dir='ltr'>sumunt</span> <span class='ocrx_word' id='word_1_370' title='bbox 1143 4637 1203 4703; x_wconf 86' lang='lat' dir='ltr'>sub</span> <span class='ocrx_word' id='word_1_371' title='bbox 1227 4644 1363 4725; x_wconf 88' lang='lat' dir='ltr'>utraque</span> 
     </span>
     <span class='ocr_line' id='line_1_43' title="bbox 71 4734 1380 4828; baseline 0.003 -28"><span class='ocrx_word' id='word_1_372' title='bbox 71 4736 193 4826; x_wconf 84' lang='lat' dir='ltr'>specie,</span> <span class='ocrx_word' id='word_1_373' title='bbox 222 4736 294 4806; x_wconf 84' lang='lat' dir='ltr'>veri</span> <span class='ocrx_word' id='word_1_374' title='bbox 316 4735 382 4804; x_wconf 89' lang='lat' dir='ltr'>sint</span> <span class='ocrx_word' id='word_1_375' title='bbox 403 4734 569 4807; x_wconf 86' lang='lat' dir='ltr'>christiani</span> <span class='ocrx_word' id='word_1_376' title='bbox 591 4745 625 4803; x_wconf 90' lang='lat' dir='ltr'>et</span> <span class='ocrx_word' id='word_1_377' title='bbox 645 4746 776 4805; x_wconf 76' lang='lat' dir='ltr'>sancus</span> <span class='ocrx_word' id='word_1_378' title='bbox 799 4739 958 4811; x_wconf 86' lang='lat' dir='ltr'>ecclesiae</span> <span class='ocrx_word' id='word_1_379' title='bbox 977 4740 1053 4828; x_wconf 80' lang='lat' dir='ltr'>filii,</span> <span class='ocrx_word' id='word_1_380' title='bbox 1073 4751 1111 4810; x_wconf 87' lang='lat' dir='ltr'>et</span> <span class='ocrx_word' id='word_1_381' title='bbox 1125 4741 1215 4809; x_wconf 74' lang='lat' dir='ltr'>baec</span> <span class='ocrx_word' id='word_1_382' title='bbox 1234 4751 1380 4828; x_wconf 63' lang='lat' dir='ltr'>agentes</span> 
     </span>
    </p>
   </div>
   <div class='ocr_carea' id='block_1_7' title="bbox 0 0 1478 5040">
    <p class='ocr_par' dir='ltr' id='par_1_8' title="bbox 0 0 1478 5040">
     <span class='ocr_line' id='line_1_44' title="bbox 0 0 1478 5040; baseline 0 1"><span class='ocrx_word' id='word_1_383' title='bbox 0 0 1478 5040; x_wconf 95' lang='lat' dir='ltr'> </span> 
     </span>
    </p>
   </div>
  </div>
 </body>
</html>
