2948 5040
78 184 86 190 -
134 144 203 217 104

131 338 213 408 quas
235 317 418 406 Pragenses
447 339 509 408 pro
531 314 680 386 ordinata
709 323 745 383 et
763 318 911 406 perfecta
932 302 1132 409 relegatione
1161 330 1425 412 assumpserunt,

88 506 93 514 ,
132 431 166 490 et
185 446 245 512 pro
267 425 422 512 primario
446 432 537 493 scuto
558 421 753 506 habuerunt,
787 424 839 490 bis
862 448 897 490 ss
919 427 1141 511 defendentes,
1175 437 1271 517 prout
1296 429 1420 497 deinde

130 527 227 595 latius
248 527 454 594 indicabitur.
490 528 598 593 Penes
620 527 680 592 has
702 527 815 594 literas
837 538 944 597 autem
975 553 1036 598 rex
1063 534 1206 621 principi
1238 526 1425 618 singulares

70 638 73 645 ’
131 631 289 721 quasdam
310 632 420 698 literas
443 633 566 717 misit,
571 654 646 698 oum
668 632 809 720 quadam
832 635 1017 701 conditione
1040 636 1163 717 addita,
1202 637 1367 725 quomodo
1390 661 1426 705 se

131 739 167 803 in
188 737 239 803 his
262 760 377 823 gerere
399 737 556 805 debeant:
571 737 766 804 Ludovieus
788 738 854 803 Dei
876 749 948 826 grat
949 742 981 804 ia
1002 763 1065 811 rex
1085 750 1145 819 etc.
1168 750 1229 807 ete.

218 841 442 920 Serenissime,
464 842 560 908 nobis
587 843 686 908 chare
708 845 879 914 avuncule
902 846 967 911 Not
954 845 1124 931 tifieamus,
1157 846 1244 934 quod
1266 846 1344 912 illas
1379 847 1427 913 di·

132 949 268 1014 versitat
268 971 303 1014 es
324 951 410 1014 inter
431 949 613 1036 Pragenses
636 971 678 1015 ex
700 972 775 1027 una,
806 972 845 1015 ao
866 949 940 1016 illos
962 943 1090 1021 nostros
1103 954 1249 1038 captivos
1265 962 1363 1040 parte
1386 975 1429 1019 ex

135 1053 238 1119 altera
260 1056 436 1139 concernit,
460 1054 510 1119 his
534 1053 694 1138 omnibus,
720 1076 803 1141 quae
816 1054 918 1121 nobis
941 1065 977 1143 tu
998 1055 1155 1120 eumelus
1178 1056 1220 1121 ad
1242 1058 1429 1144 inquisitio·

133 1147 218 1225 nem'
238 1159 323 1225 hane
352 1159 412 1225 tibi
434 1159 608 1246 adjunctis,
630 1158 815 1241 notificasti,
846 1159 991 1224 auditum
1021 1159 1248 1248 praebuimus3
1282 1162 1428 1250 ideoque

126 1263 198 1330 'boc
220 1263 362 1330 edietum
383 1273 531 1328 nostrum
563 1286 652 1328 nunc
673 1263 733 1328 tibi
754 1266 1011 1349 transmittimus,
1051 1266 1263 1349 mandantes,
1286 1277 1324 1330 ut
1348 1266 1429 1332 illud

134 1377 257 1437 attente
282 1377 315 1434 st
336 1368 448 1434 sedule
469 1369 647 1457 inspiciens
670 1367 870 1452 consideres,
905 1378 937 1433 et
962 1371 990 1435 si
1010 1369 1092 1435 illud
1115 1379 1238 1436 rectum
1272 1379 1306 1435 et
1340 1371 1429 1438 debi-

125 1485 203 1543 dum
227 1498 299 1541 esse
321 1476 505 1562 agnoveris,
526 1475 607 1540 illud
630 1468 782 1540 effectum
804 1497 897 1539 suum
919 1474 1140 1563 adipiscatur;
1175 1476 1314 1560 quodsi
1351 1499 1428 1543 vero

133 1579 266 1667 aliquod
306 1579 575 1668 impedimentum
607 1581 662 1646 vel
709 1581 886 1647 laesionem
912 1582 1079 1668 cujusdam
1108 1581 1312 1666 cognoveris,
1359 1583 1427 1646 sine

136 1707 229 1751 mora
243 1684 278 1750 1d
290 1684 385 1751 nobis
397 1685 555 1777 notifices,
578 1693 614 1749 ut
625 1684 803 1752 secundum
815 1686 897 1751 illud
908 1707 968 1751 nos
977 1685 1120 1772 dirigere
1132 1686 1283 1754 sciamus
1304 1685 1427 1753 Datum

134 1799 299 1878 utsupra

219 1895 274 1963 Ex
295 1895 346 1961 his
368 1895 472 1960 literis
501 1894 653 1984 prinecps
675 1844 760 1962 bens
782 1898 944 1982 cognovi,
922 1897 1082 1962 tfraena
1103 1895 1327 1983 Progensibus
1359 1918 1428 1962 esse

134 2000 290 2086 relaxata,
312 2010 348 2066 ut
370 2024 487 2067 eorum
492 2023 623 2088 proposr
614 2000 920 2088 taadimpleantur.
942 2002 1072 2067 Literae
1093 2011 1201 2066 autem
1218 2003 1332 2088 regiae
1356 2023 1425 2066 cum

135 2107 246 2173 edicto
265 2116 298 2172 et
320 2106 480 2172 sententia
502 2122 616 2171 contra
636 2109 855 2173 incarceratos
878 2107 999 2189 lectae
1017 2115 1048 2172 et
1083 2106 1268 2194 publicatae
1294 2107 1425 2172 fuerunt

132 2216 351 2298 incarceratis,
390 2224 422 2279 et
446 2215 567 2281 Joanni
591 2215 726 2280 Hlawsa
747 2237 821 2280 cum
844 2214 981 2298 Schorff,
1006 2216 1041 2279 in
1065 2213 1155 2278 curia
1178 2212 1232 2277 die
1267 2211 1425 2279 sabbathi

132 2322 167 2385 in
189 2322 331 2385 crastino
353 2330 427 2407 post
448 2318 536 2384 diem
559 2318 590 2385 S.
618 2319 838 2385 Scholastioae
870 2322 904 2385 in
934 2317 1119 2407 praesentia
1148 2318 1318 2404 principis,
1343 2317 1423 2401 sicut

132 2426 233 2514 prius,
256 2424 332 2489 dato
354 2425 434 2512 ipsis
458 2425 596 2489 termino
619 2425 716 2488 trium
740 2426 994 2518 septimanarum
1023 2445 1083 2512 pro
1106 2424 1196 2488 exitu
1219 2421 1261 2485 de
1285 2423 1423 2503 civitate,

135 2551 231 2617 quem
254 2530 426 2594 terminum
450 2531 548 2594 etiam
571 2527 614 2593 ad
638 2529 698 2594 hoc
720 2552 823 2617 usque
843 2539 971 2617 tempus
986 2525 1336 2604 servaredebuerunt,
1327 2551 1335 2566 ·
1360 2526 1420 2592 fini·

134 2635 178 2699 tis
199 2643 306 2698 autem
329 2633 432 2699 tribus
457 2637 648 2722 septimanis
673 2634 870 2701 decivitate
893 2637 1076 2700 exiverunt.

223 2739 325 2805 Senot
312 2749 398 2805 tores
422 2761 499 2826 ergo
521 2740 615 2806 illi
605 2763 639 2804 ιιι
663 2740 849 2806 carceribus
872 2740 998 2805 detenti
1030 2738 1160 2803 fuerunt
1190 2758 1249 2825 per
1282 2711 1425 2801 medium

137 2866 258 2909 annum
281 2854 314 2910 et
334 2853 400 2910 tres
422 2844 503 2928 dies,
542 2853 576 2909 et
597 2845 682 2910 intra
705 2845 803 2910 hoct
790 2845 1098 2932 temporisspatium
1110 2843 1227 2907 neead
1240 2841 1424 2925 fidejussio·

136 2972 212 3014 nem
232 2949 306 3014 illos
330 2949 493 3015 dimittere
514 2950 694 3015 voluerunt.
728 2949 783 3015 Ex
804 2949 921 3034 quibus
945 2948 1094 3014 omnibus
1116 2955 1229 3011 notum
1252 2945 1305 3029 -fit,
1343 2943 1422 3033 quod

138 3057 167 3121 si
188 3056 261 3143 quis
283 3077 319 3120 se
340 3054 456 3142 adjus
480 3063 512 3119 et
528 3056 653 3142 justum
670 3054 832 3141 judicium
855 3061 996 3136 revocat,
1020 3051 1133 3117 dicens
1156 3073 1191 3116 se
1222 3071 1297 3114 esse
1330 3052 1421 3115 inno·

136 3168 272 3236 centem,
305 3168 338 3223 et
363 3158 390 3223 si
421 3158 494 3223 talis
534 3180 601 3224 non
632 3158 822 3224 admittatur
851 3158 965 3246 adjus
1000 3179 1092 3221 suum
1127 3155 1425 3237 demonstrandum,

136 3272 214 3330 tune
236 3272 348 3329 contra
365 3265 451 3351 juris
476 3263 624 3328 ordinem
657 3264 880 3351 procedatur,
897 3275 929 3328 et
948 3262 1115 3339 idemest,
1149 3262 1176 3324 si
1205 3269 1340 3347 aparte
1373 3257 1427 3324 ad·

136 3391 234 3436 versa
253 3377 383 3457 petatur
404 3366 445 3433 de
469 3369 601 3435 civitate
626 3370 732 3434 exitus
767 3377 800 3433 et
821 3370 986 3457 relegatio,
1014 3379 1046 3435 et
1068 3391 1167 3434 causa
1188 3369 1285 3456 hujus
1302 3369 1428 3434 veraci-

136 3484 187 3541 ter
208 3497 274 3540 non
297 3476 433 3557 existat,
469 3488 530 3538 rex
552 3473 638 3538 enim
660 3483 774 3562 postea
795 3475 1014 3560 Progensibus
1045 3484 1077 3539 et
1107 3476 1166 3540 toti
1199 3475 1426 3540 communitati

138 3582 249 3645 stricte
271 3578 448 3661 mandavit,
471 3588 507 3643 ut
529 3577 571 3644 ad
593 3579 799 3645 amicabilem
821 3583 1070 3646 conventionem
1091 3588 1122 3644 et
1133 3586 1336 3644 contractum
1350 3601 1426 3644 οοιι-Ι

137 3684 280 3767 veniant,
312 3681 399 3769 quod
422 3684 450 3746 si
473 3692 674 3770 comportare
700 3704 735 3747 se
772 3693 804 3749 et
825 3687 1001 3750 convenire
1030 3707 1096 3749 non
1129 3682 1302 3766 voluerint,
1338 3681 1425 3769 quod

29 3844 44 3864 ,
138 3808 251 3853 omnes
274 3786 493 3852 dissensiones
515 3786 587 3851 illas
610 3787 738 3853 differat
753 3787 800 3853 'ad
823 3788 965 3855 futurum
986 3789 1147 3876 judicium
1169 3796 1201 3853 et
1215 3786 1426 3871 audientiam,

140 3900 173 3958 et
193 3913 235 3956 ne
256 3891 438 3976 Progenses
461 3913 521 3979 per
542 3889 623 3956 illud
645 3892 833 3956 mandatum
855 3901 887 3958 et
908 3893 1050 3958 edictum
1073 3894 1237 3980 scriptum,
1261 3891 1352 3976 quod
1364 3913 1423 3979 pro

138 3993 202 4062 boc
224 4004 370 4083 tempore
393 4018 436 4061 ex
459 3995 657 4084 quibusdam
680 4000 788 4063 causis
812 4006 844 4061 et
865 3997 907 4063 ob
929 3998 1172 4063 informationes
1195 3997 1288 4062 datas
1309 3998 1426 4076 emisit,

137 4124 201 4167 neo
225 4099 290 4167 ullo
312 4101 464 4166 mandato
486 4110 636 4168 oretenus
659 4103 784 4191 prolato
808 4103 886 4191 (quo
908 4102 1034 4168 Passek
1057 4124 1131 4167 cum
1153 4103 1221 4166 suis
1242 4100 1426 4166 adhaeren-

133 4206 226 4273 tibus
249 4229 285 4272 se
307 4205 467 4294 defendit)
491 4230 525 4272 se
549 4217 705 4273 excusent
728 4215 761 4272 et
781 4215 940 4289 tueantur,
965 4206 1023 4273 sed
1049 4208 1085 4271 in
1100 4206 1297 4272 omnibusse
1310 4209 1428 4294 gerant

139 4311 317 4377 secundum
340 4312 451 4378 literas
472 4314 602 4379 ultimas
625 4321 657 4378 et
677 4312 878 4378 voluntatem
898 4311 1039 4396 finalem,
1064 4314 1147 4378 siout
1167 4314 1202 4377 in
1218 4312 1301 4378 libro
1325 4315 1422 4381 tertio

139 4416 244 4484 fusius
267 4415 480 4482 describetur.
504 4414 587 4482 Cum
608 4417 717 4502 itaque
739 4415 788 4480 illi
812 4414 923 4481 exules
935 4425 1120 4485 constanter
1131 4438 1242 4502 regem
1256 4415 1426 4484 dominum

141 4544 234 4588 suum
248 4521 503 4610 imploraverint,
526 4530 674 4613 petentes
697 4519 895 4586 audientiam
919 4520 1097 4586 secundum
1114 4522 1191 4609 jura
1212 4530 1246 4586 et
1251 4522 1425 4609 justitiam,

139 4649 199 4695 rex
220 4649 416 4694 consensum
438 4649 531 4693 suurn
554 4629 730 4713 gratiosum
754 4635 786 4690 et
803 4628 930 4714 justum
961 4625 1111 4714 praebuit
1140 4634 1188 4696 et,
1202 4625 1304 4691 literis
1333 4648 1426 4692 man·

139 4730 252 4798 datum
272 4739 329 4799 aut
350 4730 492 4799 edictum
512 4730 576 4800 hoo
596 4730 647 4821 (ut
667 4729 921 4820 aPragensibus
942 4729 1151 4819 nominatur),
1172 4737 1209 4797 et
1227 4730 1340 4799 omnia
1360 4729 1428 4797 alia
