2948 5040
148 158 212 226 242

149 333 233 399 sicut
253 325 419 416 apparitor
441 317 630 407 proclamat,
657 334 787 401 nempe,
809 312 883 379 illos
907 306 1219 399 comblasphemos,
1240 305 1438 388 haeredem,

76 488 78 493 .
149 436 191 503 do
214 434 317 500 Beata
326 427 463 516 Virgine
473 423 578 491 Maria
599 417 686 510 quod
707 418 791 485 nihil
812 415 956 502 credant,
979 425 1012 483 et
1032 417 1080 490 sic
1101 415 1246 482 moeriua
1281 411 1340 478 Illi
1361 429 1439 478 vero

148 535 398 629 responderunt,
422 528 508 619 quod
530 510 688 617 injmiani
706 523 772 590 illis
793 521 944 607 inferant,
965 530 1032 588 tam
1053 519 1228 610 apparitor,
1257 537 1362 604 quam
1382 512 1439 601 illi,

149 642 206 732 qui
219 643 328 730 ipsum
340 622 387 702 ita
397 631 600 723 proclamare
612 627 866 710 mandaverunt3
879 626 928 691 illi
940 646 1017 692 vero
1029 625 1116 713 qnod
1130 622 1264 721 credant
1278 622 1318 686 in
1331 619 1438 685 Deum

147 738 278 813 Patrem
300 740 564 826 omnipotentem,
594 741 626 798 et
646 733 682 797 in
702 730 814 799 Jesum
838 729 1004 798 Christum
1024 729 1130 796 filium
1148 731 1229 818 ejus,
1250 727 1344 793 etin
1367 723 1437 813 Spi-

147 852 247 918 ritum
269 847 434 928 Sanctum,
458 841 557 907 etiam
579 837 687 906 omnia
710 835 960 925 quod'credant,
983 855 1066 924 quae
1088 835 1123 900 in
1145 831 1295 921 symbolo
1318 828 1433 896 duode-

136 933 214 1023 ¹cim
235 949 445 1019 articulorum
460 945 676 1027 continentur,
696 940 776 1007 fidei
788 962 916 1030 nempe,
940 947 1073 1007 sanctae
1087 936 1327 1005 communionis
1339 933 1434 1001 chris

147 1060 269 1136 tianae,
290 1055 332 1122 de
355 1056 558 1120 sacramento
581 1047 731 1136 corporis
748 1054 781 1112 et
802 1046 970 1133 sanguinis
983 1043 1122 1129 Christi,
1146 1041 1232 1132 quod
1254 1043 1436 1109 etiamne

148 1156 237 1247 dant,
261 1157 348 1249 quod
360 1156 510 1224 Christus
523 1152 685 1219 Dominus
707 1151 743 1216 in
764 1150 880 1216 ultima
901 1171 1004 1216 coena
1014 1150 1179 1238 accipiens
1196 1168 1319 1236 panem
1342 1145 1437 1213 bene·

147 1265 279 1349 dixerit,
301 1260 437 1348 fregerit
459 1267 492 1324 et
513 1256 640 1324 dederit
661 1255 830 1344 discipulis
853 1256 919 1321 suis
942 1255 1072 1349 dicens:
1095 1255 1233 1342 accipite
1255 1261 1290 1319 et
1305 1249 1437 1318 mandu-

148 1376 231 1454 cate,
263 1366 326 1432 hoc
348 1372 398 1430 est
419 1383 537 1450 corpus
557 1382 676 1445 meum,
710 1359 797 1447 quod
830 1380 888 1446 pro
909 1358 1005 1426 vobis
1026 1358 1179 1442 tradetur,
1209 1358 1281 1424 hoc*
1295 1355 1436 1444 agitein

146 1494 254 1540 meam
284 1468 641 1551 commemorationem,
663 1465 813 1531 similiter
842 1474 875 1531 et
903 1465 1037 1533 calicem
1067 1465 1232 1553 accipiens
1254 1461 1366 1528 dixit:
1389 1458 1436 1524 hie

148 1586 198 1645 est
219 1575 352 1662 sanguis
374 1594 477 1656 meus,
500 1572 560 1658 qui
578 1591 637 1659 pre
652 1569 769 1645 ,multis
792 1568 976 1635 effundetur
996 1570 1271 1635 inremissionem
1287 1572 1436 1654 peccata·

145 1702 230 1765 rum,
251 1677 357 1745 bibite
380 1697 423 1741 ex
445 1696 484 1740 eo
507 1695 632 1740 omnes.
674 1673 719 1738 Et
740 1673 786 1739 ita
808 1672 894 1760 quod
925 1673 1059 1739 credant
1075 1675 1172 1762 juxta
1201 1671 1438 1737 institutionem

149 1782 282 1867 Christi,
312 1779 400 1868 quod
421 1777 590 1845 christiani
611 1777 674 1843 hcc
696 1787 935 1845 sacramentum
968 1780 1014 1844 ita
1037 1799 1164 1844 sumere
1185 1776 1342 1853 debeant,
1366 1791 1435 1861 quo·

147 1885 244 1954 modo
267 1892 300 1952 et
320 1886 356 1950 in
378 1904 475 1971 quem
495 1882 596 1947 finem
616 1881 801 1947 institutum
822 1881 884 1948 fuit
905 1881 964 1949 sub
977 1892 1114 1971 utraque
1136 1882 1257 1970 specie.
1272 1877 1436 1947 -Similiar

147 1988 236 2080 quod
257 1989 300 2056 dc
321 1988 425 2055 Beata
445 1986 584 2074 Virgine
604 1985 710 2052 Maria
732 1986 876 2071 credant,
911 1986 999 2074 quod
1020 1986 1195 2074 purissima
1216 1984 1323 2071 Virgo
1346 1980 1437 2048 fuerit

145 2104 221 2162 ante
243 2101 382 2183 partum,
405 2094 440 2158 in
462 2100 568 2180 partu,
592 2098 624 2156 et
645 2080 870 2179 postpartum
880 2090 941 2157 filii
956 2093 1014 2158 sui.
1037 2091 1334 2179 Lagenariusvero
1351 2087 1435 2163 dixit,

145 2198 234 2288 quod
254 2196 402 2274 fateatur,
433 2195 522 2285 quod
544 2217 580 2261 se
603 2195 748 2261 secunda
768 2197 843 2263 vice
864 2196 1022 2284 baptisari
1044 2196 1238 2285 permiserit,
1263 2216 1343 2260 eum
1364 2212 1433 2260 vero

144 2302 227 2370 illud
247 2323 314 2368 non
334 2301 511 2389 poenitere.
534 2298 682 2365 'landem
696 2299 843 2367 'carnifex
864 2299 937 2366 illos
953 2298 1070 2387 ligatos
1084 2322 1164 2387 rogo
1185 2298 1356 2386 imposuit,
1389 2295 1432 2362 ubi

146 2407 255 2474 omnia
277 2406 334 2493 pia
355 2427 388 2489 et
409 2413 523 2471 sancta
556 2403 693 2491 exlege
715 2404 781 2470 Dei
810 2412 1056 2493 proposuerunt,
1091 2416 1127 2471 ut
1148 2403 1242 2470 multi
1276 2403 1322 2469 de
1350 2403 1433 2491 plebe

146 2510 229 2576 haec
251 2509 421 2576 audientes
443 2508 619 2596 lacrymari
649 2509 753 2574 coacti
784 2507 914 2574 fuerint.
956 2508 1040 2574 Tum
1075 2510 1173 2574 etiam
1206 2516 1431 2597 exposuemnt,

146 2613 309 2702 quomodo
330 2613 428 2678 morti
450 2610 628 2701 adjudicati
651 2609 782 2695 fuerint,
817 2610 904 2699 quod
926 2634 1044 2701 nempe
1067 2614 1174 2680 vocati
1196 2621 1229 2678 et
1251 2614 1347 2680 citati
1364 2613 1431 2678 fue·

144 2718 211 2782 rint
231 2716 282 2782 ad·
297 2716 534 2799 consistorium,
547 2774 551 2780 .
565 2714 677 2801 ibique
707 2717 949 2804 comparuerint
981 2739 1091 2784 coram
1114 2717 1356 2803 sacerdotibus,
1375 2738 1432 2783 ma

146 2820 268 2907 gistris,
300 2819 472 2886 monachis
492 2821 528 2885 in
561 2818 748 2906 praesentia
768 2821 982 2907 Pragensium
1004 2821 1047 2887 ad
1076 2822 1139 2890 hoc
1161 2822 1356 2908 electorum,
1389 2821 1431 2889 ubi

144 2923 295 2991 monaehi
318 2925 505 3012 germanice
527 2906 636 3008 locuti,
669 2925 830 2991 cumillis
853 2925 1102 3006 contendebant,
1125 2927 1159 2992 hi
1179 2948 1260 2993 vero
1284 2927 1378 3016 quod
1396 2949 1433 2992 re

144 3030 296 3113 stiterint,
319 3038 353 3095 et
375 3049 431 3094 eos
451 3028 586 3094 vincere
602 3029 709 3093 conati
720 3027 840 3094 fuerint
862 3051 922 3116 per
943 3031 1135 3118 scripturam
1157 3052 1297 3110 sacram,
1323 3032 1434 3099 etdun

144 3122 254 3222 itaque
275 3132 428 3199 monachi
450 3131 524 3198 illos
545 3132 822 3219 propositionibus
845 3134 912 3199 suis
934 3135 1067 3201 vincere
1089 3157 1155 3202 non
1175 3143 1369 3223 potuerunt,
1396 3137 1435 3201 in·

144 3245 352 3325 terrogarunt
373 3236 550 3303 monachos
571 3237 720 3323 magistri
743 3248 775 3303 et
798 3239 994 3331 sacerdotes,
1016 3261 1058 3304 an
1082 3238 1115 3304 hi
1137 3239 1340 3308 Pickhartae
1364 3243 1434 3308 sint:

144 3342 195 3408 illi
216 3364 297 3409 vero
320 3341 603 3423 confirmaverunt,
627 3340 793 3407 dicentes:
824 3343 912 3430 quod
934 3342 998 3408 sint
1019 3342 1223 3426 Piekbartae,
1259 3355 1340 3431 post
1362 3344 1434 3410 baec

144 3446 254 3535 itaque
276 3445 412 3534 prolata,
436 3466 492 3511 ecs
514 3445 611 3510 morti
632 3444 902 3532 adjudicaverint.
947 3447 1010 3512 His
1033 3448 1192 3514 enarratis
1216 3447 1371 3516 carnifex
1392 3468 1433 3514 ac·

142 3549 254 3615 cendit
274 3570 390 3636 rogum
412 3569 433 3613 a
453 3555 546 3636 parte
568 3550 742 3634 posteriori
764 3549 885 3635 pedum
908 3572 1029 3635 eorum,
1053 3551 1099 3616 ita
1118 3550 1205 3638 quod
1224 3551 1333 3638 pedes
1356 3573 1432 3619 com·

140 3651 230 3718 busti
251 3651 374 3718 fuerint
394 3672 498 3738 usque
520 3649 563 3714 ad
585 3671 679 3736 ossa;
702 3651 751 3716 illi
772 3674 851 3719 vero
875 3662 1061 3720 constanter
1082 3653 1316 3720 adDominum
1332 3656 1431 3725 Deum

142 3763 318 3823 oraverunt
340 3764 429 3822 etse
451 3755 594 3820 invicem
615 3754 801 3821 animarunt
823 3765 855 3821 et
876 3759 912 3822 in
933 3757 996 3823 hac
1018 3759 1199 3826 constantia
1220 3781 1282 3845 pro
1294 3759 1365 3826 Dei
1385 3781 1430 3826 no

140 3860 230 3925 mine
251 3860 354 3926 vitam
377 3880 469 3924 suam
490 3859 684 3944 finiverunt3
705 3861 894 3949 priusquam
916 3871 1025 3928 autem
1046 3863 1164 3930 mortui
1175 3862 1327 3951 fuissent,
1352 3862 1431 3931 dixe

140 3971 227 4047 runt,
258 3962 345 4052 quod
368 3963 519 4030 Christus
540 3964 704 4031 Dominus
726 3965 822 4054 plura
852 3988 911 4055 pro
942 3967 1037 4034 nobis
1069 3988 1184 4056 passus
1206 3966 1318 4054 fuerit,
1355 3967 1432 4060 quod
1470 3958 1473 3965 ⁵

141 4069 241 4155 igitur
262 4068 314 4133 illi
335 4070 461 4157 majora
484 4077 645 4136 tormenta
666 4091 726 4157 pro
749 4092 787 4136 eo
811 4071 945 4139 sufferre
979 4079 1158 4155 teneantur,
1189 4072 1347 4139 continuo
1370 4095 1431 4163 gra
1473 4151 1474 4160 χ

140 4176 204 4242 tias
226 4183 361 4263 agentes
382 4177 526 4242 Domino
549 4178 633 4262 Dec,
665 4177 751 4264 quod
773 4176 840 4243 illis
863 4178 925 4244 hoc
948 4177 1072 4264 gratiae
1096 4175 1217 4242 donum
1239 4178 1431 4261 atuibuerit

141 4287 178 4347 ut
210 4302 270 4367 pro
292 4279 348 4346 illo
364 4281 399 4345 in
414 4279 477 4346 hcc
489 4282 567 4369 igne
588 4282 761 4370 patiantur.
784 4282 990 4370 Lagenarius
1002 4303 1080 4348 vero
1092 4280 1174 4346 haec
1188 4279 1341 4368 addidit,-
1356 4280 1431 4374 quod

141 4406 178 4450 se
198 4383 300 4450 multo
324 4383 491 4452 laetiorem
526 4408 600 4452 esse
621 4390 656 4453 in
680 4386 843 4475 hcc'rogo
867 4387 995 4470 sentiat,
1027 4407 1124 4473 quam
1147 4385 1272 4450 insuia
1294 4388 1430 4477 propriis

140 4488 264 4577 nuptiis
285 4490 402 4574 fuerit3
425 4490 693 4578 populumctiam
716 4495 979 4560 circumstantem
991 4490 1150 4558 allocutus
1162 4487 1233 4565 fuit,
1257 4492 1353 4576 quod
1363 4511 1431 4560 vere

139 4594 300 4660 visionem
322 4591 473 4660 habuerit
494 4597 528 4660 in
546 4596 733 4663 carceribus
748 4599 941 4664 constitutus
952 4599 987 4664 in
1007 4596 1061 4661 die
1077 4593 1188 4661 Sancti
1202 4590 1326 4661 Jacobi
1348 4617 1430 4686 prac-

134 4699 209 4781 rito,
234 4698 295 4765 scd
318 4698 407 4786 quod
428 4700 512 4767 hanc
536 4701 578 4768 ob
600 4703 785 4770 irrisionem
804 4725 956 4770 enarrare
992 4700 1083 4784 nolit,
1105 4701 1151 4768 ait
1172 4696 1334 4767 ulterius:
1368 4701 1413 4769 Mi
