2948 5040
134 155 207 257 rre-

133 328 238 397 minos
260 322 325 392 fide
346 321 448 411 digni,
470 318 563 389 illum
583 320 684 389 fuisse
705 321 861 413 propolae
881 321 999 413 tilium)
1028 329 1154 391 tontum
1175 345 1235 416 pro
1265 344 1303 391 se
1325 322 1432 391 effice

134 440 194 517 ret,
217 438 253 499 ut
274 439 341 499 tam
362 434 529 519 potentem
551 437 584 503 et
605 426 783 499 notabilem
797 429 964 517 utriusque
987 426 1079 495 urbis
1101 430 1265 519 quondam
1281 451 1434 498 severam

138 544 172 604 et
192 536 391 627 petulantem
414 534 678 601 communitatem
707 533 754 600 ita
777 532 841 630 sibi
863 533 1048 625 subjiceret,
1082 541 1119 599 ut
1139 533 1288 601 homines
1311 557 1359 601 ex
1380 534 1435 603 illa

143 642 373 725 communitate
394 661 461 705 non
475 639 546 706 ausi
566 637 687 705 luerint
697 636 822 727 absque
837 638 908 728 ejus
923 639 1088 706 voluntate
1103 634 1211 729 capita
1232 663 1293 706 sua
1303 640 1434 729 levare3

137 748 204 813 imo
225 768 291 812 non
324 751 448 812 tantum
471 744 665 832 Pragenses,
701 742 760 809 sed
793 752 826 811 et
858 766 971 811 omnes
1005 745 1108 811 ferme
1133 745 1283 814 civitates
1317 745 1430 833 regiae

137 848 230 917 illum
264 849 393 939 saepius
423 840 528 935 magis
560 847 816 932 aestimaverint,
847 870 944 941 quarn
977 848 1085 936 ipsum
1118 870 1230 936 regem
1263 848 1430 917 dominun

136 977 229 1021 suum
252 953 515 1046 haereditarium.
561 952 799 1040 Argumentum
833 953 929 1043 hujus
963 954 1106 1042 saepius·
1126 954 1292 1025 invenitur
1327 955 1366 1020 in
1388 954 1433 1027 his

135 1058 250 1145 libris;
273 1060 326 1125 cui
348 1059 435 1124 enim
457 1057 513 1125 ille
535 1055 715 1143 benedixit,
740 1056 877 1147 quilibet
897 1058 1090 1124 benedictus
1120 1059 1207 1143 fuit,
1224 1056 1304 1125 licet
1328 1057 1434 1131 eidem

135 1186 198 1231 rex
217 1162 434 1248 maledixerit,
468 1171 502 1229 et
523 1163 576 1229 cui
596 1161 653 1228 ille
684 1161 865 1247 maledixit,
898 1161 956 1229 ille
977 1152 1170 1231 maledictus
1200 1184 1273 1229 esse
1307 1162 1429 1237 debuit.

137 1268 231 1337 Haec
263 1268 304 1335 de
333 1266 390 1333 illo
420 1266 607 1350 sufficiant,
625 1266 752 1357 reliqua
783 1269 918 1354 omitto;
952 1266 1085 1334 tandem
1117 1269 1204 1335 enim
1237 1267 1430 1357 apparebat,

137 1372 298 1462 quomodo
320 1371 370 1441 illi
392 1370 520 1437 fortuna
542 1371 632 1461 prior
652 1372 688 1437 in
711 1375 909 1440 contrarium
935 1371 1068 1441 favebat
1098 1372 1186 1462 apud
1216 1374 1345 1441 incolas
1368 1372 1434 1462 plu·

133 1480 243 1545 rimas.
287 1476 401 1545 Gallus
423 1474 572 1567 Onahe'ra
592 1477 755 1566 pessimae
777 1480 953 1545 memoriae
976 1477 1056 1546 cleri
1079 1479 1227 1567 superior
1247 1477 1349 1567 paulo
1375 1479 1434 1543 mi·

135 1605 197 1650 nus
219 1580 335 1674 horum
357 1582 502 1648 omniurn
524 1582 622 1647 etiam
644 1579 792 1668 obtinuit,
827 1592 966 1672 excepta
995 1605 1094 1650 manu
1115 1583 1249 1670 potenti,
1274 1591 1432 1671 quantum

140 1711 177 1754 re
199 1678 371 1776 ipsa‘licet
391 1687 530 1774 ipsemet
551 1707 618 1751 non
640 1684 801 1766 babuerit,
825 1687 1024 1753 desiderium
1046 1696 1158 1754 tamen
1174 1695 1207 1753 et
1227 1685 1432 1753 voluntatem

139 1794 298 1885 grandem
320 1794 363 1862 ad
384 1793 466 1862 haec
487 1792 610 1878 habuit,
633 1791 810 1883 adjuvante
835 1814 909 1860 eum
930 1792 1056 1863 Passek
1079 1815 1154 1861 cum
1176 1791 1276 1858 sociis
1298 1792 1383 1880 ejus.

670 1928 821 2051 orror
842 1985 895 2051 34.

138 2182 201 2245 Ubi
223 2181 413 2242 nominantur
435 2199 580 2260 personae
602 2181 764 2259 relegatae,
786 2182 824 2241 de
846 2181 952 2256 quibus
984 2176 1152 2243 incuriam
1174 2183 1278 2245 citatis
1301 2185 1435 2264 Progen-

139 2289 187 2330 ses
221 2271 421 2342 insinuarunt,
455 2271 533 2343 quod
556 2267 815 2328 administratores
850 2270 888 2328 de
917 2267 978 2328 illie
1002 2272 1157 2331 contestati
1179 2271 1296 2346 luerint,
1333 2280 1362 2332 et
1384 2291 1435 2349 pro

139 2357 220 2417 veris
243 2353 412 2417 christianis
443 2375 494 2417 eos
516 2355 783 2434 promulgaverint.
820 2355 901 2431 Quos
924 2358 1095 2434 Progenses
1128 2360 1226 2419 denuo
1247 2359 1281 2418 in
1304 2377 1433 2420 commu·

140 2445 263 2505 nitatem
285 2451 479 2521 receperunt3
515 2444 637 2504 tandem
659 2443 749 2506 etiam
783 2451 812 2502 et
844 2444 922 2513 alias
951 2463 1097 2522 personas
1131 2447 1187 2509 hoc
1219 2447 1308 2508 modo
1340 2448 1432 2508 denuo

630 2549 733 2591 omnes
756 2538 959 2608 susceperunt.

224 2715 286 2780 His
316 2714 415 2781 rebus
448 2715 493 2781 ita
521 2715 632 2801 finitis,
663 2717 918 2806 supranominati
949 2718 1072 2802 exules,
1107 2739 1226 2806 nempe
1268 2717 1432 2786 Bartholo-

139 2841 251 2886 maeus
290 2817 406 2902 scriba,
441 2818 654 2886 Wenceslaus
687 2820 832 2905 Trubka,
878 2820 1023 2890 loannes
1057 2821 1204 2908 Valente,
1247 2823 1367 2891 Gallus
1398 2822 1435 2888 de

139 2924 243 3017 Rosa„
259 2922 421 3010 Georgius
452 2922 494 2988 de
523 2923 631 2989 media
659 2923 753 3009 Rota,
785 2925 930 2990 Joannes
959 2925 1132 3010 aurifaber,
1160 2935 1192 2992 et
1226 2926 1325 2995 Vitus
1348 2928 1435 2995 faber

138 3029 325 3112 cultrarius,
361 3029 450 3094 citati
486 3029 617 3095 fuerunt
648 3029 683 3093 in
717 3030 840 3094 curiam
872 3029 1215 3118 Vetero·Pragensem
1248 3031 1306 3098 die
1342 3032 1432 3100 lunae

140 3133 366 3220 Rogationum,
389 3133 485 3197 tertia
508 3131 562 3198 die
584 3140 659 3197 ante
681 3132 799 3198 festum
813 3131 846 3200 S.
858 3132 985 3200 Urbani
999 3133 1064 3222 (23.
1077 3135 1168 3224 Mai),
1192 3133 1250 3201 ubi
1273 3137 1390 3203 consul
1405 3143 1432 3200 et

142 3246 273 3303 senatus
296 3259 370 3302 cum
393 3234 717 3319 administratoribus,
740 3246 775 3301 ut
798 3237 1032 3305 mediatoribus
1054 3238 1187 3305 allocuti
1210 3232 1265 3306 cos
1295 3241 1432 3321 fuerunt,

139 3341 175 3407 in
196 3342 381 3430 praesentia
403 3339 604 3428 quorundam
627 3341 866 3406 communitatis
897 3345 1072 3427 seniorum,
1103 3353 1295 3411 revocantes
1331 3347 1433 3435 priora

142 3445 185 3510 ad
219 3469 274 3512 eos
307 3444 442 3534 prolata,
477 3453 510 3509 et
531 3444 582 3509 his
605 3444 715 3511 verbis
736 3447 941 3512 intimantes:
979 3448 1065 3536 quod
1095 3447 1377 3516 administratores
1398 3447 1432 3513 de

142 3548 208 3614 illis
232 3549 402 3639 contestati
423 3547 553 3632 fuerint,
577 3571 611 3613 se
633 3549 668 3614 in
691 3549 829 3637 collegio
852 3550 939 3638 apud
961 3552 1093 3619 eosdem
1115 3553 1197 3620 nihil
1222 3577 1243 3620 a
1264 3546 1333 3620 fide
1356 3553 1431 3620 chri·

143 3655 249 3727 stiana
270 3653 411 3719 alienum
434 3662 467 3717 et
488 3652 621 3718 devium
647 3655 818 3741 reperisse,
844 3654 902 3719 sed
925 3655 1012 3744 quod
1034 3658 1231 3724 concordent
1253 3680 1330 3725 cum
1351 3657 1430 3725 veris

146 3758 340 3842 christianis,
378 3779 442 3846 qua
470 3756 512 3822 de
542 3780 639 3824 causa
662 3758 749 3847 quod
771 3757 903 3825 eosdem
931 3762 1049 3826 iterum
1079 3764 1259 3851 suscipiant
1287 3771 1321 3828 et
1350 3783 1430 3827 assu·

121 3871 234 3946 ,mant
265 3864 350 3928 inter
383 3885 418 3928 se
450 3862 492 3928 ad
526 3865 789 3929 communitatem
824 3863 1043 3950 christianam,
1078 3867 1113 3931 in
1143 3889 1207 3956 qua
1236 3858 1336 3934 antea
1366 3887 1431 3932 cum

145 3964 269 4031 eisdem
294 3966 433 4050 fuerunt,
468 3968 515 4032 ita
543 3976 579 4032 ut
600 3968 635 4032 in
658 3966 808 4033 omnibus
831 3989 905 4032 cum
927 3968 1044 4034 iisdem
1067 3971 1219 4060 aequales
1243 3972 1319 4056 sint,
1356 3973 1432 4039 siout

142 4068 377 4135 antecedenter
399 4070 539 4154 fuerunt,
563 4069 706 4157 gerendo
730 4094 765 4137 se
787 4071 830 4136 ad
852 4071 993 4139 invicem
1023 4075 1164 4141 civiliter
1194 4084 1226 4142 et
1259 4075 1431 4143 amicabili·

143 4182 202 4256 ter,
234 4181 266 4238 et
298 4196 318 4238 a
352 4196 387 4238 se
421 4174 586 4262 deponant
619 4196 730 4239 omnes
764 4174 936 4259 vindictas,
965 4199 1067 4262 omne
1100 4179 1211 4245 odium
1233 4188 1266 4246 et
1294 4181 1431 4247 taedium

144 4275 357 4365 praecedens,
392 4277 513 4343 nullius
547 4278 626 4343 mali
647 4277 870 4363 recordentur,
904 4302 1011 4368 neque
1035 4304 1071 4348 se
1103 4283 1273 4351 vindicare
1296 4287 1432 4375 cupiant,

144 4381 296 4470 quodque
329 4381 414 4447 hanc
443 4404 574 4448 omnem
606 4382 813 4449 amicabilem
844 4385 1092 4454 conventionem
1123 4396 1155 4453 et
1184 4391 1431 4459 transactionem

143 4487 202 4551 toti
225 4480 449 4551 communitati
481 4487 647 4553 insinuare
678 4487 790 4572 velint,
822 4497 857 4554 ut
880 4489 1030 4557 omnibus
1051 4499 1242 4573 innotescat,
1278 4491 1432 4583 quomodo

143 4589 186 4654 ad
218 4591 360 4656 invicem
394 4612 429 4656 se
462 4613 576 4679 gerere
610 4591 759 4662 debeant.
802 4593 895 4660 Haec
926 4594 976 4661 illi
1008 4595 1122 4663 exules
1155 4597 1326 4671 audientes
1349 4606 1433 4688 grato

142 4693 274 4780 quidem
307 4695 415 4763 animo
458 4704 678 4787 susceperunt,
712 4707 744 4765 et
780 4697 840 4765 sub
862 4696 926 4767 fide
949 4721 1007 4771 sua
1029 4702 1264 4790 promiserunt3
1298 4714 1433 4779 attamen
