2948 5040
132 140 198 213 246

134 321 203 382 tum
225 311 396 381 constituit
429 316 464 378 ιι
485 308 586 398 elegit
608 331 650 378 ex
682 310 832 399 personis
868 307 996 376 adhoc
1026 330 1144 377 munus
1167 306 1291 397 dignis,
1314 308 1433 395 qnietis

133 425 168 485 et
188 418 335 508 pacificis
357 414 485 484 adhoc
508 414 630 482 electis
674 413 766 480 Talis
789 414 952 502 separatio
973 434 1012 480 ac
1034 412 1152 482 divisio
1174 411 1288 479 multra
1299 411 1434 478 Vetere

132 520 354 617 Pragensibus
386 542 454 588 non
491 519 625 608 placuit,
648 516 807 588 isxillum
840 519 928 584 enim
950 539 1061 586 eornm
1077 519 1149 610 jam
1169 516 1300 584 ruebat
1348 516 1434 582 Dum

132 627 273 694 antem
258 648 330 715 Jam
350 625 442 715 prius
462 625 685 704 rescivissent,
698 644 782 714 quae
795 610 869 690 fieri
890 621 1043 708 debeant,
1058 624 1218 690 miserunt
1238 621 1363 688 eodem
1384 619 1433 687 die

133 732 176 800 de
197 731 306 799 medio
329 752 387 797 suo
409 751 506 796 mane
527 728 571 796 sd
591 751 705 817 regem
727 750 899 796 numerum
920 728 1088 816 ingentem
1109 725 1431 814 orvrum,petent1nn

134 835 250 929 (quasi
275 833 363 902 illud
391 835 463 900 sino
492 826 582 900 omni
614 836 766 900 cessione
794 832 916 900 habere
948 832 1085 923 vellent)
1108 841 1146 899 ut
1166 831 1252 899 banc
1274 831 1426 896 unionem

135 962 203 1007 non
224 938 363 1023 dividat,
385 937 596 1022 affirmantes,
633 937 720 1027 quod
741 945 810 1004 tota
832 938 1046 1007 communitas
1073 935 1166 1002 illam
1187 940 1327 1023 appetat
1351 933 1429 999 etin

132 1044 191 1112 illa
211 1066 403 1133 permanere
424 1041 585 1109 intendat.
628 1042 834 1132 Responsum
855 1064 934 1111 vero
956 1041 1022 1108 illis
1045 1040 1159 1109 datum
1180 1039 1252 1122 fuit,
1277 1037 1430 1126 quodrex

132 1255 214 1322 alias
236 1253 360 1333 fuerat3
382 1255 494 1343 itaque
500 1156 605 1342 tquod
625 1251 740 1319 eredat
760 1225 866 1320 illos·
856 1275 891 1319 ιιι
912 1251 964 1319 his
986 1250 1175 1320 obedientes
1186 1250 1431 1339 munosprou

133 1359 177 1427 ad
197 1359 312 1427 fideles
335 1357 490 1426 subditos·
505 1358 659 1448 pertinet.
704 1356 809 1425 Simul
832 1359 931 1424 etiam
952 1355 1019 1423 illis
1040 1355 1108 1445 legi
1128 1355 1302 1424 mandarit
1326 1355 1432 1422 decre·

133 1468 202 1537 tum
223 1465 312 1551 regis
334 1461 517 1553 wladislai,
533 1445 577 1528 ⁴ut
596 1484 656 1552 pro
677 1461 794 1530 futuris
816 1461 1017 1552 temporibus
1038 1484 1104 1529 non
1116 1461 1319 1545 desiderent
1342 1459 1433 1528 talen

83 1626 95 1641 „
133 1566 250 1634 barum
271 1569 440 1636 civitatum
460 1568 633 1662 unionem,
657 1566 714 1634 ubi
737 1569 835 1634 etiam
856 1567 919 1633 hoc
941 1566 1108 1634 decretum
1145 1565 1369 1651 confirmavit,
1390 1565 1431 1630 in·

136 1695 235 1761 super
272 1670 408 1758 addens,
431 1673 460 1739 si
482 1673 561 1761 quis'
577 1671 619 1738 de
640 1672 704 1738 hoc
726 1671 894 1738 sollicitari
915 1671 1015 1738 vellet
1038 1680 1071 1737 ιι
1090 1678 1228 1760 peteret,
1256 1668 1350 1736 hanc
1370 1669 1433 1735 uni·

134 1798 231 1844 onem
252 1778 370 1844 iterum
392 1777 578 1862 instaurari,
600 1785 637 1844 ut
658 1776 733 1842 talis
756 1776 844 1843 bona
866 1798 924 1843 sua
946 1785 979 1843 et
993 1778 1102 1845 ritem
1117 1777 1262 1862 amittat3
1289 1797 1355 1842 rex
1365 1795 1434 1842 vero

106 1881 221 1970 ·quod
253 1881 336 1970 pelit
370 1903 441 1947 rem
462 1880 548 1947 bano
581 1890 613 1947 et
646 1881 795 1948 civitates
818 1879 931 1947 ambas
953 1880 996 1947 ad
1018 1882 1160 1971 priorem
1183 1881 1324 1950 modurn
1346 1883 1432 1950 redu·

134 2008 220 2071 cere,
242 1994 340 2077 prout
364 1987 463 2053 etiarn
481 1987 531 2053 ita
552 1985 673 2052 factum
696 1985 765 2052 fuit
809 1984 904 2052 Tunc
927 1986 1024 2051 etiarn
1048 1988 1156 2052 statim
1179 1989 1356 2075 processio
1377 1987 1435 2072 illa,

133 2112 231 2178 quam
253 2091 358 2158 clerus
382 2090 560 2188 Pragensis
589 2090 678 2156 omni
700 2112 785 2155 anno
807 2088 861 2155 die
883 2088 1023 2156 festoS.
1056 2089 1178 2156 Felicis
1210 2099 1352 2181 propter
1371 2094 1431 2159 uni·

133 2218 229 2264 onem
250 2194 310 2263 illa
335 2194 503 2261 instituere
526 2192 661 2279 solebat,
685 2194 830 2261 cessavit
852 2201 885 2259 ι
871 2193 1022 2261 thaberi
1044 2193 1150 2260 desiit.
1187 2194 1284 2263 Haec
1310 2197 1433 2294 quiden

134 2301 223 2383 unio,
247 2320 344 2388 quam
366 2299 438 2364 sine
459 2288 628 2366 voluntate
649 2299 744 2387 regia
765 2297 1041 2365 confirmaverunt
1064 2297 1120 2389 (de
1142 2321 1208 2389 qua
1229 2299 1321 2369 libro
1341 2304 1431 2392 prino

135 2402 243 2492 capite
268 2403 363 2469 tertio
386 2401 595 2471 dictumt
533 2402 608 2492 luit)
632 2402 740 2470 adhuc
762 2396 881 2470 durare
902 2404 1071 2493 potuisset,
1096 2411 1128 2470 et
1149 2404 1234 2471 forte
1258 2406 1365 2474 etiam
1384 2429 1433 2474 ιιι

122 2502 178 2573 ἰιι
198 2504 290 2572 ὶ11ιιι
317 2505 503 2579 habendam
535 2515 570 2573 et
590 2506 850 2575 conservandam
882 2530 1078 2575 consensum
1107 2530 1201 2575 suum
1221 2510 1433 2597 praebuisset,

134 2610 163 2676 si
194 2608 327 2675 illam
317 2633 352 2676 m
382 2610 470 2676 huno
501 2610 601 2677 finem
633 2620 667 2676 et
699 2610 762 2676 hac
795 2612 976 2678 intentione
1008 2610 1150 2701 prudent
1151 2634 1186 2678 er
1220 2623 1256 2680 et
1290 2614 1433 2692 ordinate

133 2724 356 2804 usurpassent,
391 2705 488 2803 'prout
523 2715 600 2782 illes
623 2737 743 2782 causae
766 2715 899 2783 debitae
919 2717 963 2784 ad
985 2739 1058 2784 eam
1079 2717 1351 2808 conjunctionem
1370 2742 1433 2810 per·

135 2831 328 2909 movertmt3
363 2844 483 2910 nempe
506 2823 534 2888 si
570 2823 605 2889 in
628 2820 691 2889 hac
708 2822 791 2889 nihil
813 2822 1173 2913 aliudquaesirissent,
1210 2824 1279 2890 nisi
1301 2823 1426 2902 bonum,

134 2926 308 2997 honestum
329 2934 363 2992 et
396 2925 477 2993 utile
506 2927 596 3015 regis
618 2926 744 2993 domini
766 2927 817 2993 sui
841 2936 874 2994 et
895 2927 992 3016 hujus
1014 2928 1175 3014 civitatis,
1197 2938 1389 3015 praeterea,
1407 2937 1433 2995 nt

47 3027 48 3031 ’
134 3053 247 3099 οιιιιι
269 3030 547 3098 dissensioneset
568 3031 752 3099 discordiae
772 3031 849 3099 illae
883 3054 1031 3120 magnae,
1055 3041 1088 3098 et
1108 3053 1162 3098 res
1184 3031 1272 3099 eliae
1295 3034 1433 3111 odiosas

136 3159 220 3237 quae
241 3133 422 3202 subinde
411 3159 446 3202 ιι
477 3145 614 3226 utraque
648 3138 779 3204 civitate
817 3146 907 3204 ortae
941 3145 1025 3222 sunt,
1056 3136 1214 3225 deinceps
1253 3147 1393 3206 cessent
1410 3146 1436 3204 ιι

136 3242 230 3330 quasi
256 3240 353 3307 homo
386 3262 470 3306 unus
502 3263 562 3330 pro
591 3239 708 3307 incolis
731 3242 827 3307 unius
850 3241 992 3309 civitatis
1026 3240 1134 3306 effecti
1155 3232 1308 3310 fuissent.
1359 3243 1435 3327 Quia

134 3367 214 3413 ιιιο
235 3344 303 3413 hac
319 3346 440 3413 unione
461 3344 548 3412 male
585 3355 618 3412 ιι
646 3344 831 3414 inordinate
867 3347 920 3413 usi
941 3345 1081 3430 fuerunt,
1115 3367 1190 3412 cum
1210 3344 1365 3416 laesione
1384 3348 1433 3414 do·

134 3453 297 3518 minorum
319 3470 451 3516 suornm
471 3471 587 3537 regum
607 3452 801 3539 pracsertim
822 3452 899 3541 quia
918 3443 1008 3516 bunc
1041 3451 1256 3519 tumultum
1240 3474 1318 3542 Jam
1341 3474 1432 3542 pras·

136 3557 293 3645 scriptum
314 3540 499 3644 petulanter
528 3565 562 3621 ιι
595 3555 736 3645 superbe
759 3557 1005 3623 concitaverunt
1034 3564 1148 3623 contra
1182 3578 1258 3622 suos
1281 3559 1432 3626 concives

134 3661 256 3749 injuste
278 3668 311 3727 et
332 3659 552 3726 fraudulenter
576 3661 612 3726 in
634 3663 814 3750 potentiam
836 3670 869 3728 et
883 3662 958 3729 vim*
975 3651 1300 3748 suamconfidentes3
1325 3661 1432 3729 ultimo

136 3765 270 3831 tandem
292 3764 389 3830 etiam
411 3772 525 3831 contra
545 3787 659 3852 regem
680 3775 713 3833 ιι
746 3767 912 3842 dominum
935 3765 1294 3855 suum'praecedentem
1319 3776 1353 3834 et
1374 3789 1432 3832 mo

136 3869 273 3936 dernum
295 3869 425 3956 saepius
448 3891 484 3935 se
506 3872 667 3936 contrarie
689 3871 894 3956 exhibentes,
933 3869 1026 3960 quasi
1048 3894 1083 3937 se
1105 3871 1171 3938 illis
1194 3895 1365 3963 opponere
1378 3873 1435 3943 vel·

137 3972 214 4052 lent,
248 3983 280 4040 et
312 3972 436 4039 nullam
467 3974 755 4064 comportationem
787 3975 991 4042 amicabilem
1025 3977 1122 4043 etiam
1144 3978 1228 4047 inire
1249 3981 1431 4065 voluerunt,

139 4076 255 4143 sedin
277 4100 336 4144 sua
348 4079 449 4175 nimia
472 4081 627 4170 superbia
648 4081 783 4147 immote
803 4088 1064 4169 perseverarunt,
1086 4091 1221 4172 propter
1233 4108 1334 4177 quarn
1346 4110 1433 4177 prae·

139 4182 254 4272 primis
276 4183 361 4251 hanc
382 4185 536 4265 unionem
559 4186 805 4254 destruxerunt:
829 4204 912 4275 quae
934 4187 1045 4275 itaque
1074 4190 1319 4274 quaesiverunt,
1357 4193 1434 4260 haee

111 4288 234 4367 ,etiam
258 4287 308 4356 ab
329 4282 395 4356 illis
416 4290 550 4358 inventa
571 4300 655 4359 sunt
688 4291 782 4358 Haec
803 4313 881 4358 vcro
904 4290 1013 4357 omnia
1044 4305 1274 4380 precesserunt
1310 4307 1346 4366 et
1374 4307 1436 4366 orta

138 4401 217 4461 sunt
242 4415 303 4483 per
331 4402 397 4461 tres
419 4404 475 4463 aut
497 4405 634 4486 quatuor
663 4418 821 4487 personas
850 4394 1072 4482 notabiliores,
1109 4400 1254 4468 maxime
1276 4425 1361 4472 vero
1382 4424 1435 4493 per

135 4496 269 4583 Psssek,
293 4498 348 4587 qui
386 4500 669 4569 communitatibus
701 4501 870 4596 utriusque
903 4499 1045 4569 civitatis
1078 4499 1191 4574 fraeno.
1210 4507 1434 4597 imposuerunt

139 4603 261 4697 scripto
298 4621 357 4669 suo
392 4625 490 4693 supra
525 4614 635 4672 notato
667 4606 752 4674 libro
788 4609 894 4697 primo
934 4632 1006 4699 cap.
1042 4611 1095 4695 25,
1128 4610 1175 4678 ita
1209 4612 1300 4699 quod
1336 4613 1433 4682 libere

124 4706 201 4795 jam
224 4707 335 4798 capita
352 4718 417 4780 'sua
437 4709 509 4782 sine
528 4710 698 4782 voluntate
720 4733 831 4782 aarum
863 4736 931 4787 ιιι
962 4715 1083 4786 fuerint
1114 4716 1187 4784 ausi
1207 4715 1336 4807 levare,
1360 4719 1432 4789 binc
