2948 5040
135 148 200 217 lu

131 319 210 387 dum
231 316 287 385 alii
319 316 506 402 vociferant,
529 317 626 383 etiam
641 315 704 393 ¹ille
725 316 903 385 vociferare
936 316 1063 387 debeat
1106 318 1264 387 Auditum
1296 320 1366 387 ime
1386 319 1428 388 do

132 422 328 512 quibusdam
348 422 455 508 Praga
477 422 622 488 excessis
644 420 715 504 fuit,
740 421 825 509 quod
846 423 915 489 vita
935 423 1073 491 fuissent
1093 423 1222 513 privati,
1245 425 1318 491 sine
1340 426 1429 491 omni

132 528 237 617 culpa,
259 529 288 594 si
309 548 478 593 accessum
501 526 619 614 reliqui
641 523 684 590 ad
706 548 762 591 eos
783 527 995 611 invenissent,
1016 536 1113 617 prout
1131 537 1246 618 postea
1267 528 1428 615 audietur,

131 632 220 721 quod
241 630 323 698 nulli
344 630 521 721 quidquam
558 629 697 719 probare
719 633 893 719 potuerint.
936 631 1095 722 Adeoque
1116 616 1291 723 diligenter
1312 632 1429 719 adrer-

131 737 265 803 tendnm
286 736 341 803 bic
364 745 423 820 est,
447 735 525 824 quid
547 736 632 802 inter
654 736 810 826 quosdam
832 735 980 805 homines
1002 738 1226 807 fraudulentos
1260 763 1281 806 a
1297 739 1429 830 justitia

130 842 253 909 alienos
276 850 399 928 agatur,
423 842 480 929 qui
501 863 561 928 pro
584 851 673 907 certo
695 843 795 908 animi
818 842 867 909 sui
889 844 1240 930 perversiargumento
1255 843 1322 910 hoc
1337 866 1427 910 assu

130 957 231 1032 munt,
253 946 423 1013 dicentes:
448 947 475 1011 si
497 968 573 1013 reue
595 947 631 1012 in
652 947 715 1014 hac
737 969 772 1013 re
802 968 869 1013 non
898 957 985 1014 esset
1006 957 1039 1014 et
1059 947 1181 1015 malum
1202 968 1267 1015 non
1296 951 1428 1036 egisset,

131 1061 287 1136 maneret,
310 1074 417 1140 neque
439 1072 475 1117 aa
497 1050 694 1136 absentaret,
717 1051 805 1137 quod
827 1051 959 1141 quidem
982 1052 1123 1141 quadam
1145 1076 1189 1121 ex
1209 1063 1428 1142 partaverum

131 1184 203 1229 esse
225 1169 371 1249 apparet,
408 1155 467 1223 sed
504 1156 564 1223 sub
603 1156 830 1244 distinctione,
853 1156 940 1247 apud
976 1156 1125 1225 homines
1152 1181 1230 1226 vero
1252 1158 1430 1247 prudentes

131 1265 306 1353 plurimum
327 1285 387 1351 pro
411 1262 532 1350 injuria
554 1262 752 1327 aestimatur.
775 1261 856 1344 Quis
889 1264 977 1329 enim
997 1272 1106 1330 actum
1125 1263 1430 1351 illumprudentem

133 1392 207 1436 esse
228 1376 430 1456 agnosceret,
455 1365 493 1431 ei
515 1364 634 1454 aliquis
657 1366 717 1433 sub
741 1389 842 1454 grave
863 1368 1020 1457 pistillum
1042 1376 1099 1435 aut
1116 1366 1206 1435 aliud
1226 1367 1359 1456 pondus
1392 1391 1427 1439 ae

135 1475 315 1557 collocans,
348 1470 472 1538 ibidem
504 1470 720 1559 persisteret?
754 1471 808 1538 vel
830 1473 858 1538 ai
889 1474 962 1560 quis
994 1475 1029 1538 in
1066 1473 1205 1562 qua'dam
1228 1474 1294 1554 via,
1336 1496 1430 1563 quam

132 1579 290 1668 perficere
319 1577 430 1660 vellet,
466 1577 696 1642 admoneretur
717 1576 759 1642 de
792 1577 933 1667 quodam
961 1579 1106 1665 periculo
1139 1603 1161 1646 a
1180 1579 1261 1646 viris
1294 1578 1428 1645 armatis

129 1685 329 1767 imminente,
353 1681 409 1748 ubi
433 1680 518 1746 bona
555 1690 588 1747 et
608 1682 710 1747 vitam
731 1680 871 1769 perdere
907 1690 1019 1769 posset
1052 1690 1085 1749 et
1107 1705 1144 1749 ae
1164 1682 1207 1749 ad
1235 1684 1315 1771 jura
1335 1703 1426 1749 revo-

131 1811 205 1856 care
239 1810 306 1854 non
337 1787 472 1870 valeret,
509 1795 541 1852 et
572 1795 681 1852 emen
704 1808 739 1851 se
761 1785 811 1851 illi
832 1786 977 1875 periculo
1001 1786 1206 1875 exponeret?
1227 1790 1294 1855 imo
1316 1797 1430 1855 natura

132 1893 327 1961 animalibus
366 1892 476 1974 dictat,
512 1899 549 1957 ut
571 1890 695 1957 evitent
717 1892 784 1957 vim
822 1903 854 1956 et
875 1890 1067 1958 violentiam
1089 1892 1318 1985 periculosam,
1354 1891 1429 1982 quid

132 2000 229 2065 homo
262 1997 408 2086 prudens
441 1996 560 2061 hocin
582 2017 684 2084 passu
704 2017 771 2060 non
793 1994 894 2082 aget?
928 1992 996 2063 Aut
1031 2007 1067 2063 ut
1089 1997 1208 2064 clarius
1242 1996 1379 2085 loquar:
1402 1997 1428 2061 si

132 2106 204 2193 quie
240 2105 275 2168 in
308 2103 364 2169 via
385 2099 587 2190 procederet,
624 2101 839 2167 necessitates
876 2123 950 2166 suaa
985 2102 1181 2189 quaerendo,
1204 2093 1301 2169 'simul
1324 2111 1430 2168 tamen

132 2211 231 2275 sciret
253 2208 399 2273 homines
422 2205 578 2294 quosdam
601 2226 773 2292 perversos
808 2204 900 2271 illum
923 2217 1123 2295 exspectare,
1156 2206 1303 2275 volentes
1341 2207 1429 2275 illum

132 2312 237 2396 bonis,
262 2313 410 2393 sanitate,
433 2313 499 2375 imo
520 2311 590 2376 vita
610 2310 751 2396 privare,
774 2309 886 2375 neseio
908 2333 951 2375 an
974 2312 1047 2399 quis
1069 2311 1214 2401 prudens
1235 2311 1298 2378 hoc
1321 2311 1428 2379 lauda·

131 2428 190 2503 ret,
229 2419 257 2483 si
278 2417 338 2484 ille
367 2439 402 2482 se
424 2415 579 2481 audacter
601 2416 636 2480 in
659 2414 724 2480 tale
760 2415 941 2501 periculum
964 2415 1153 2484 immitteret
1183 2426 1216 2483 et
1248 2415 1315 2482 alia
1337 2416 1431 2482 devia

134 2547 201 2589 non
234 2530 404 2611 quaereret
440 2520 502 2587 hac
537 2520 641 2586 solum
679 2542 722 2585 ex
745 2541 854 2604 causa,
878 2521 955 2607 quia
976 2542 1037 2587 nec
1059 2521 1188 2589 debitor
1208 2521 1341 2587 illorum
1364 2521 1427 2587 exi·

133 2637 241 2705 steret,
264 2649 372 2715 neque
393 2626 531 2713 alicujus
554 2626 671 2714 culpae
693 2647 728 2690 se
750 2646 841 2690 reum
863 2635 1066 2712 agnosceret,
1103 2629 1170 2693 imo
1192 2627 1299 2715 potius
1325 2625 1425 2692 auda·

134 2735 218 2800 ciam
255 2732 343 2798 domi
376 2730 585 2818 relinqueret,
608 2738 640 2796 et
671 2751 737 2817 quo
760 2728 876 2794 melius
906 2732 1014 2816 sciret,
1043 2730 1224 2820 periculum
1260 2729 1426 2817 effugeret,

131 2838 209 2905 inde
231 2838 328 2903 etiam
364 2835 520 2901 honorem
552 2857 645 2900 suum
667 2856 733 2899 non
754 2832 916 2921 perderet
952 2833 1091 2923 Saepius
1113 2836 1201 2902 enim
1233 2835 1334 2901 etiam
1357 2856 1429 2901 con·

133 2944 241 3030 tingit,
276 2940 363 3030 quod
397 2941 565 3024 innocens,
587 2940 829 3005 accusationem
851 2948 960 3005 tamen
980 2940 1096 3007 falsam
1129 2950 1162 3007 et
1182 2943 1327 3028 rigorem
1344 2941 1428 3029 juris

135 3049 263 3130 timens,
300 3047 356 3134 qui
377 3053 513 3111 natiuae
534 3042 632 3131 plane
653 3043 826 3111 timidioris
846 3054 908 3129 est,
947 3054 1120 3134 antequam
1136 3045 1213 3134 jure
1246 3066 1304 3112 suo
1326 3055 1430 3113 utere

137 3160 199 3236 tur,
221 3153 328 3240 potius
353 3173 388 3216 se
410 3153 446 3216 in
467 3149 579 3236 fugam
600 3151 725 3236 recipit.
771 3149 864 3217 Sicut
888 3150 1053 3216 multoties
1077 3151 1112 3215 in
1133 3149 1269 3216 urbibus
1305 3151 1431 3217 eontin-

136 3259 194 3344 git,
219 3257 305 3346 quod
326 3257 533 3323 innocentem
553 3262 734 3342 torqueant,
758 3263 790 3321 et
811 3255 889 3321 dum
909 3254 1046 3343 perinde
1069 3263 1263 3342 extorquere
1294 3253 1339 3320 ab
1375 3253 1431 3321 ille

135 3361 217 3427 nihil
239 3372 384 3450 possunt,
423 3382 497 3426 eum
533 3359 664 3425 tandem
702 3361 808 3447 primo
830 3381 890 3447 pro
927 3362 1100 3426 innocente
1122 3358 1299 3442 declarent,
1322 3358 1432 3426 atille

134 3464 216 3531 haec
240 3468 310 3532 sine
332 3467 420 3531 omni
443 3463 664 3530 satisfactione
688 3464 848 3530 sustinere
870 3463 989 3550 debet,
1021 3463 1095 3529 talis
1129 3465 1227 3545 etiam
1262 3462 1430 3529 confidens

135 3570 346 3659 generositati
378 3578 411 3634 et
443 3568 598 3635 audaciae
632 3591 720 3654 anae,
758 3570 918 3657 contingit
949 3570 980 3636 ei
1001 3567 1207 3657 (simpliciter
1228 3576 1260 3634 et
1292 3568 1430 3658 physice

135 3674 190 3740 hie
211 3671 340 3761 loquor)
365 3673 453 3760 quod
475 3676 604 3761 saepius
626 3673 762 3739 multum
783 3672 980 3756 vulneretur,
1016 3693 1055 3738 ac
1093 3673 1190 3739 etiam
1226 3673 1295 3740 vita
1325 3674 1431 3762 prive-

135 3788 196 3844 tur.
253 3778 326 3844 Hoc
349 3778 448 3843 etiam
479 3779 605 3862 Pragae
638 3777 759 3843 iactum
781 3777 852 3859 fuit,
876 3777 960 3865 qued
997 3775 1091 3864 plebs
1121 3779 1299 3866 Prageusis
1338 3801 1431 3868 sepo·

134 3905 216 3948 nens
249 3904 344 3949 omne
372 3883 439 3970 jus,
475 3882 620 3949 debitum
653 3882 801 3949 ordinem
840 3890 872 3947 et
904 3881 970 3947 Dei
1006 3883 1167 3967 timorem,
1190 3885 1314 3949 minata
1335 3884 1433 3951 fiserit

135 3989 284 4076 personis
316 3988 425 4073 Praga
459 3990 612 4055 excessis.
656 3987 738 4069 Quia
760 3988 860 4072 igitur
881 3995 948 4051 tam
978 3987 1113 4053 insanae
1135 3989 1256 4053 mentis
1279 3997 1376 4072 esset,
1398 3997 1433 4055 ut

135 4092 315 4181 periculum
338 4102 556 4181 suumpatene
581 4100 788 4179 exspectaret
810 4090 1014 4180 (praesertim
1037 4115 1058 4158 a
1078 4091 1175 4180 plebe
1196 4092 1336 4179 vulgari,
1350 4115 1432 4182 quae

136 4221 216 4265 sana
237 4207 345 4265 mente
368 4198 450 4264 nihil
473 4196 730 4286 apprehendere,
771 4206 804 4263 et
836 4218 918 4285 qnae
946 4196 1032 4263 mala
1054 4206 1111 4264 aut
1131 4197 1218 4263 bona
1240 4199 1314 4281 sint,
1351 4197 1432 4287 diju-

136 4303 246 4371 dicare
277 4312 400 4391 potest)
423 4301 478 4369 vel
514 4300 596 4366 illud
617 4302 725 4388 ipsum
762 4310 877 4390 sponte
899 4301 1013 4367 adiret.
1057 4301 1150 4369 Haec
1184 4312 1339 4389 expertus
1373 4302 1433 4368 fuis

136 4408 268 4501 quidam
289 4407 432 4475 Peterka
461 4406 577 4484 dictus,
613 4406 694 4472 civia
715 4405 1087 4494 Reginoflradecensis,
1112 4415 1188 4473 ante
1216 4407 1352 4494 triginta
1373 4408 1432 4475 eir·

136 4515 218 4581 citer
240 4536 352 4597 annos,
382 4512 439 4600 qui
461 4509 547 4576 hanc
570 4512 735 4578 civitatem
758 4513 936 4598 ingressus,
972 4509 1138 4578 confidens
1154 4512 1305 4600 justitiae
1326 4520 1362 4580 et
1381 4513 1433 4578 in·

137 4620 309 4686 nocentiae
332 4622 419 4702 suae,
452 4618 508 4707 qni
534 4625 643 4684 tamen
666 4625 836 4706 suspectus
868 4615 975 4683 fuerat
997 4615 1040 4684 ob
1062 4616 1220 4706 quosdam
1241 4639 1345 4687 vanos
1367 4636 1435 4685 aar·

133 4744 250 4793 mones
273 4723 315 4792 de
337 4722 395 4793 illo
417 4719 558 4809 habitos,
578 4723 706 4794 ratione
727 4721 898 4811 conjusdam
918 4721 1079 4811 pecuniae
1100 4723 1324 4793 communitati
1337 4722 1435 4813 hujus
