<?xml version="1.0" encoding="UTF-8"?>
<!DOCTYPE html PUBLIC "-//W3C//DTD XHTML 1.0 Transitional//EN"
    "http://www.w3.org/TR/xhtml1/DTD/xhtml1-transitional.dtd">
<html xmlns="http://www.w3.org/1999/xhtml" xml:lang="en" lang="en">
 <head>
  <title>
</title>
<meta http-equiv="Content-Type" content="text/html;charset=utf-8" />
  <meta name='ocr-system' content='tesseract 3.04.00' />
  <meta name='ocr-capabilities' content='ocr_page ocr_carea ocr_par ocr_line ocrx_word'/>
</head>
<body>
  <div class='ocr_page' id='page_1' title='image "./desbartholomusv00bartgoog_0309.png"; bbox 0 0 2948 5040; ppageno 0'>
   <div class='ocr_carea' id='block_1_1' title="bbox 410 1360 1044 1513">
    <p class='ocr_par' dir='ltr' id='par_1_1' title="bbox 410 1360 1044 1513">
     <span class='ocr_line' id='line_1_1' title="bbox 410 1360 1044 1513; baseline -0.005 -28"><span class='ocrx_word' id='word_1_1' title='bbox 410 1366 665 1485; x_wconf 79' lang='lat' dir='ltr'>sunnone</span> <span class='ocrx_word' id='word_1_2' title='bbox 699 1360 836 1513; x_wconf 75' lang='lat' dir='ltr'>iuius</span> <span class='ocrx_word' id='word_1_3' title='bbox 873 1364 1044 1512; x_wconf 78' lang='lat' dir='ltr'>operis.</span> 
     </span>
    </p>
   </div>
   <div class='ocr_carea' id='block_1_2' title="bbox 474 1748 1047 1890">
    <p class='ocr_par' dir='ltr' id='par_1_2' title="bbox 474 1748 1047 1890">
     <span class='ocr_line' id='line_1_2' title="bbox 474 1748 1047 1890; baseline 0.002 -4"><span class='ocrx_word' id='word_1_4' title='bbox 474 1789 679 1890; x_wconf 76' lang='lat' dir='ltr'>uiuum</span> <span class='ocrx_word' id='word_1_5' title='bbox 706 1788 973 1890; x_wconf 78' lang='lat' dir='ltr'>unimus,</span> <span class='ocrx_word' id='word_1_6' title='bbox 1041 1748 1047 1756; x_wconf 72' lang='lat'>&#39;</span> 
     </span>
    </p>
   </div>
   <div class='ocr_carea' id='block_1_3' title="bbox 80 1952 1374 2502">
    <p class='ocr_par' dir='ltr' id='par_1_3' title="bbox 83 1952 1370 2048">
     <span class='ocr_line' id='line_1_3' title="bbox 83 1952 1370 2048; baseline -0.001 -24"><span class='ocrx_word' id='word_1_7' title='bbox 83 1957 184 2042; x_wconf 79' lang='lat' dir='ltr'>Quod</span> <span class='ocrx_word' id='word_1_8' title='bbox 206 1979 267 2024; x_wconf 88' lang='lat' dir='ltr'>rex</span> <span class='ocrx_word' id='word_1_9' title='bbox 288 1955 489 2025; x_wconf 83' lang='lat' dir='ltr'>Wledislaus</span> <span class='ocrx_word' id='word_1_10' title='bbox 514 1967 685 2048; x_wconf 82' lang='lat' dir='ltr'>susceptus</span> <span class='ocrx_word' id='word_1_11' title='bbox 706 1958 804 2026; x_wconf 84' lang='lat' dir='ltr'>fuerit</span> <span class='ocrx_word' id='word_1_12' title='bbox 825 1981 845 2025; x_wconf 90' lang='lat' dir='ltr'>a</span> <span class='ocrx_word' id='word_1_13' title='bbox 866 1958 1021 2026; x_wconf 85' lang='lat' dir='ltr'>Bohemis</span> <span class='ocrx_word' id='word_1_14' title='bbox 1049 1978 1110 2047; x_wconf 89' lang='lat' dir='ltr'>pro</span> <span class='ocrx_word' id='word_1_15' title='bbox 1138 1978 1218 2046; x_wconf 86' lang='lat' dir='ltr'>rege</span> <span class='ocrx_word' id='word_1_16' title='bbox 1254 1964 1287 2022; x_wconf 87' lang='lat' dir='ltr'>et</span> <span class='ocrx_word' id='word_1_17' title='bbox 1307 1952 1370 2023; x_wconf 87' lang='lat' dir='ltr'>do-</span> 
     </span>
    </p>

    <p class='ocr_par' dir='ltr' id='par_1_4' title="bbox 80 2067 1371 2160">
     <span class='ocr_line' id='line_1_4' title="bbox 80 2067 1371 2160; baseline -0.002 -22"><span class='ocrx_word' id='word_1_18' title='bbox 80 2073 175 2138; x_wconf 91' lang='lat' dir='ltr'>mino</span> <span class='ocrx_word' id='word_1_19' title='bbox 196 2071 293 2159; x_wconf 86' lang='lat' dir='ltr'>regni</span> <span class='ocrx_word' id='word_1_20' title='bbox 313 2070 501 2157; x_wconf 86' lang='lat' dir='ltr'>Bohemiae,</span> <span class='ocrx_word' id='word_1_21' title='bbox 538 2081 570 2138; x_wconf 87' lang='lat' dir='ltr'>et</span> <span class='ocrx_word' id='word_1_22' title='bbox 591 2087 677 2159; x_wconf 86' lang='lat' dir='ltr'>quae</span> <span class='ocrx_word' id='word_1_23' title='bbox 704 2071 762 2140; x_wconf 90' lang='lat' dir='ltr'>illo</span> <span class='ocrx_word' id='word_1_24' title='bbox 791 2080 950 2160; x_wconf 84' lang='lat' dir='ltr'>regnante</span> <span class='ocrx_word' id='word_1_25' title='bbox 988 2071 1195 2159; x_wconf 81' lang='lat' dir='ltr'><strong>contigerint.</strong></span> <span class='ocrx_word' id='word_1_26' title='bbox 1240 2067 1371 2137; x_wconf 81' lang='lat' dir='ltr'>Deinde</span> 
     </span>
    </p>

    <p class='ocr_par' dir='ltr' id='par_1_5' title="bbox 82 2166 1373 2274">
     <span class='ocr_line' id='line_1_5' title="bbox 82 2166 1373 2274; baseline -0.003 -23"><span class='ocrx_word' id='word_1_27' title='bbox 82 2185 128 2252; x_wconf 89' lang='lat' dir='ltr'>de</span> <span class='ocrx_word' id='word_1_28' title='bbox 148 2207 228 2274; x_wconf 84' lang='lat' dir='ltr'>rege</span> <span class='ocrx_word' id='word_1_29' title='bbox 250 2185 419 2254; x_wconf 85' lang='lat' dir='ltr'>Ludovieo</span> <span class='ocrx_word' id='word_1_30' title='bbox 442 2184 589 2274; x_wconf 81' lang='lat' dir='ltr'>ejusdem</span> <span class='ocrx_word' id='word_1_31' title='bbox 610 2186 688 2266; x_wconf 90' lang='lat' dir='ltr'>filio,</span> <span class='ocrx_word' id='word_1_32' title='bbox 723 2186 765 2252; x_wconf 90' lang='lat' dir='ltr'>de</span> <span class='ocrx_word' id='word_1_33' title='bbox 786 2186 932 2254; x_wconf 81' lang='lat' dir='ltr'>violenta</span> <span class='ocrx_word' id='word_1_34' title='bbox 953 2166 1155 2270; x_wconf 48' lang='lat' dir='ltr'>afflictiones</span> <span class='ocrx_word' id='word_1_35' title='bbox 1182 2184 1317 2252; x_wconf 81' lang='lat' dir='ltr'>miseris.</span> <span class='ocrx_word' id='word_1_36' title='bbox 1340 2188 1373 2248; x_wconf 89' lang='lat' dir='ltr'>et</span> 
     </span>
    </p>

    <p class='ocr_par' dir='ltr' id='par_1_6' title="bbox 83 2299 1374 2502">
     <span class='ocr_line' id='line_1_6' title="bbox 83 2299 1374 2391; baseline -0.002 -24"><span class='ocrx_word' id='word_1_37' title='bbox 83 2300 130 2384; x_wconf 85' lang='lat' dir='ltr'>vi,</span> <span class='ocrx_word' id='word_1_38' title='bbox 153 2299 263 2368; x_wconf 84' lang='lat' dir='ltr'>multis</span> <span class='ocrx_word' id='word_1_39' title='bbox 287 2299 474 2369; x_wconf 89' lang='lat' dir='ltr'>hominibus</span> <span class='ocrx_word' id='word_1_40' title='bbox 497 2301 624 2391; x_wconf 84' lang='lat' dir='ltr'>Pragee</span> <span class='ocrx_word' id='word_1_41' title='bbox 647 2301 718 2367; x_wconf 88' lang='lat' dir='ltr'>sine</span> <span class='ocrx_word' id='word_1_42' title='bbox 739 2299 836 2389; x_wconf 86' lang='lat' dir='ltr'>eulpa</span> <span class='ocrx_word' id='word_1_43' title='bbox 857 2300 958 2368; x_wconf 87' lang='lat' dir='ltr'>illatis</span> <span class='ocrx_word' id='word_1_44' title='bbox 981 2299 1237 2390; x_wconf 79' lang='lat' dir='ltr'>nauperioribus</span> <span class='ocrx_word' id='word_1_45' title='bbox 1248 2304 1374 2368; x_wconf 80' lang='lat' dir='ltr'>tautum</span> 
     </span>
     <span class='ocr_line' id='line_1_7' title="bbox 422 2412 1040 2502; baseline 0 -20"><span class='ocrx_word' id='word_1_46' title='bbox 422 2412 654 2500; x_wconf 83' lang='lat' dir='ltr'>saecularibus,</span> <span class='ocrx_word' id='word_1_47' title='bbox 678 2413 738 2481; x_wconf 90' lang='lat' dir='ltr'>sub</span> <span class='ocrx_word' id='word_1_48' title='bbox 760 2413 921 2502; x_wconf 83' lang='lat' dir='ltr'>regimine</span> <span class='ocrx_word' id='word_1_49' title='bbox 941 2413 1040 2483; x_wconf 85' lang='lat' dir='ltr'>illius.</span> 
     </span>
    </p>
   </div>
   <div class='ocr_carea' id='block_1_4' title="bbox 79 2569 1376 2730">
    <p class='ocr_par' dir='ltr' id='par_1_7' title="bbox 79 2569 1376 2730">
     <span class='ocr_line' id='line_1_8' title="bbox 79 2569 1376 2730; baseline -0.002 -18"><span class='ocrx_word' id='word_1_50' title='bbox 79 2657 123 2712; x_wconf 81' lang='lat' dir='ltr'>Do</span> <span class='ocrx_word' id='word_1_51' title='bbox 141 2673 202 2729; x_wconf 72' lang='lat' dir='ltr'>rege</span> <span class='ocrx_word' id='word_1_52' title='bbox 221 2656 406 2716; x_wconf 77' lang='lat' dir='ltr'>wladislaum</span> <span class='ocrx_word' id='word_1_53' title='bbox 424 2661 456 2714; x_wconf 89' lang='lat' dir='ltr'>de</span> <span class='ocrx_word' id='word_1_54' title='bbox 475 2569 867 2730; x_wconf 50' lang='lat' dir='ltr'>conjmffimqtffitflkffi„</span> <span class='ocrx_word' id='word_1_55' title='bbox 904 2698 1252 2719; x_wconf 87' lang='grc'><strong>.........</strong></span> <span class='ocrx_word' id='word_1_56' title='bbox 1293 2694 1301 2711; x_wconf 94' lang='grc'><strong>.</strong></span> <span class='ocrx_word' id='word_1_57' title='bbox 1340 2653 1376 2710; x_wconf 88' lang='grc'>10</span> 
     </span>
    </p>
   </div>
   <div class='ocr_carea' id='block_1_5' title="bbox 650 2727 809 2816">
    <p class='ocr_par' dir='ltr' id='par_1_8' title="bbox 650 2727 809 2816">
     <span class='ocr_line' id='line_1_9' title="bbox 650 2727 809 2816; baseline 0.019 -22"><span class='ocrx_word' id='word_1_58' title='bbox 650 2727 756 2816; x_wconf 75' lang='lat' dir='ltr'>Caput</span> <span class='ocrx_word' id='word_1_59' title='bbox 776 2729 809 2797; x_wconf 79' lang='lat'>2.</span> 
     </span>
    </p>
   </div>
   <div class='ocr_carea' id='block_1_6' title="bbox 81 2813 1377 3025">
    <p class='ocr_par' dir='ltr' id='par_1_9' title="bbox 81 2813 1377 3025">
     <span class='ocr_line' id='line_1_10' title="bbox 81 2813 1307 2888; baseline -0.002 -20"><span class='ocrx_word' id='word_1_60' title='bbox 81 2813 115 2868; x_wconf 81' lang='lat' dir='ltr'>ln</span> <span class='ocrx_word' id='word_1_61' title='bbox 134 2832 186 2886; x_wconf 89' lang='lat' dir='ltr'>quo</span> <span class='ocrx_word' id='word_1_62' title='bbox 204 2818 289 2887; x_wconf 80' lang='lat' dir='ltr'>egitur</span> <span class='ocrx_word' id='word_1_63' title='bbox 307 2816 340 2869; x_wconf 89' lang='lat' dir='ltr'>de</span> <span class='ocrx_word' id='word_1_64' title='bbox 357 2819 490 2871; x_wconf 68' lang='lat' dir='ltr'>nativitate</span> <span class='ocrx_word' id='word_1_65' title='bbox 514 2819 585 2888; x_wconf 77' lang='lat' dir='ltr'>regis</span> <span class='ocrx_word' id='word_1_66' title='bbox 602 2817 729 2870; x_wconf 83' lang='lat' dir='ltr'>Ludoviei</span> <span class='ocrx_word' id='word_1_67' title='bbox 747 2822 773 2869; x_wconf 88' lang='lat' dir='ltr'>et</span> <span class='ocrx_word' id='word_1_68' title='bbox 798 2816 855 2884; x_wconf 83' lang='lat' dir='ltr'>ejus</span> <span class='ocrx_word' id='word_1_69' title='bbox 879 2816 976 2869; x_wconf 83' lang='lat' dir='ltr'>sororis</span> <span class='ocrx_word' id='word_1_70' title='bbox 993 2815 1093 2874; x_wconf 76' lang='lat' dir='ltr'>Annae.</span> <span class='ocrx_word' id='word_1_71' title='bbox 1128 2817 1168 2869; x_wconf 87' lang='lat' dir='ltr'>De</span> <span class='ocrx_word' id='word_1_72' title='bbox 1191 2813 1307 2883; x_wconf 87' lang='lat' dir='ltr'>stultitia,</span> 
     </span>
     <span class='ocr_line' id='line_1_11' title="bbox 118 2883 1307 2953; baseline -0.006 -13"><span class='ocrx_word' id='word_1_73' title='bbox 118 2901 196 2953; x_wconf 88' lang='lat' dir='ltr'>quam</span> <span class='ocrx_word' id='word_1_74' title='bbox 214 2886 285 2953; x_wconf 85' lang='lat' dir='ltr'>apud</span> <span class='ocrx_word' id='word_1_75' title='bbox 303 2886 330 2942; x_wconf 87' lang='lat' dir='ltr'>S.</span> <span class='ocrx_word' id='word_1_76' title='bbox 349 2885 473 2939; x_wconf 82' lang='lat' dir='ltr'>Thomam</span> <span class='ocrx_word' id='word_1_77' title='bbox 491 2893 671 2941; x_wconf 80' lang='lat' dir='ltr'>exercuerunt</span> <span class='ocrx_word' id='word_1_78' title='bbox 705 2883 739 2936; x_wconf 80' lang='lat' dir='ltr'>Et</span> <span class='ocrx_word' id='word_1_79' title='bbox 757 2886 791 2941; x_wconf 88' lang='lat' dir='ltr'>de</span> <span class='ocrx_word' id='word_1_80' title='bbox 817 2883 927 2942; x_wconf 77' lang='lat' dir='ltr'>tumultu</span> <span class='ocrx_word' id='word_1_81' title='bbox 944 2892 972 2937; x_wconf 87' lang='lat' dir='ltr'>et</span> <span class='ocrx_word' id='word_1_82' title='bbox 999 2886 1181 2941; x_wconf 84' lang='lat' dir='ltr'>interiectione</span> <span class='ocrx_word' id='word_1_83' title='bbox 1197 2883 1307 2951; x_wconf 75' lang='lat' dir='ltr'>Hungu-</span> 
     </span>
     <span class='ocr_line' id='line_1_12' title="bbox 117 2948 1377 3025; baseline -0.002 -17"><span class='ocrx_word' id='word_1_84' title='bbox 117 2971 205 3008; x_wconf 82' lang='lat' dir='ltr'>rorum</span> <span class='ocrx_word' id='word_1_85' title='bbox 221 2957 248 3008; x_wconf 91' lang='lat' dir='ltr'>iu</span> <span class='ocrx_word' id='word_1_86' title='bbox 266 2971 347 3024; x_wconf 83' lang='lat' dir='ltr'>parva</span> <span class='ocrx_word' id='word_1_87' title='bbox 363 2964 437 3025; x_wconf 79' lang='lat' dir='ltr'>parte</span> <span class='ocrx_word' id='word_1_88' title='bbox 486 2986 1306 3012; x_wconf 82' lang='lat'><strong>....................</strong></span> <span class='ocrx_word' id='word_1_89' title='bbox 1341 2948 1377 3005; x_wconf 89' lang='lat'>10</span> 
     </span>
    </p>
   </div>
   <div class='ocr_carea' id='block_1_7' title="bbox 649 3020 809 3111">
    <p class='ocr_par' dir='ltr' id='par_1_10' title="bbox 649 3020 809 3111">
     <span class='ocr_line' id='line_1_13' title="bbox 649 3020 809 3111; baseline 0 -23"><span class='ocrx_word' id='word_1_90' title='bbox 649 3020 758 3111; x_wconf 82' lang='lat' dir='ltr'>Caput</span> <span class='ocrx_word' id='word_1_91' title='bbox 777 3025 809 3090; x_wconf 88' lang='grc'>3.</span> 
     </span>
    </p>
   </div>
   <div class='ocr_carea' id='block_1_8' title="bbox 77 3106 1377 3251">
    <p class='ocr_par' dir='ltr' id='par_1_11' title="bbox 77 3106 1377 3251">
     <span class='ocr_line' id='line_1_14' title="bbox 77 3106 1308 3181; baseline -0.005 -15"><span class='ocrx_word' id='word_1_92' title='bbox 77 3111 112 3166; x_wconf 81' lang='lat' dir='ltr'>ln</span> <span class='ocrx_word' id='word_1_93' title='bbox 131 3126 183 3179; x_wconf 91' lang='lat' dir='ltr'>quo</span> <span class='ocrx_word' id='word_1_94' title='bbox 202 3112 285 3181; x_wconf 75' lang='lat' dir='ltr'>agitur</span> <span class='ocrx_word' id='word_1_95' title='bbox 303 3111 336 3164; x_wconf 93' lang='lat' dir='ltr'>de</span> <span class='ocrx_word' id='word_1_96' title='bbox 355 3113 451 3165; x_wconf 88' lang='lat' dir='ltr'>unione</span> <span class='ocrx_word' id='word_1_97' title='bbox 480 3116 601 3181; x_wconf 86' lang='lat' dir='ltr'>autiquae</span> <span class='ocrx_word' id='word_1_98' title='bbox 626 3119 652 3164; x_wconf 91' lang='lat' dir='ltr'>et</span> <span class='ocrx_word' id='word_1_99' title='bbox 675 3125 761 3164; x_wconf 84' lang='lat' dir='ltr'>novae</span> <span class='ocrx_word' id='word_1_100' title='bbox 788 3112 899 3165; x_wconf 76' lang='lat' dir='ltr'>civitatis</span> <span class='ocrx_word' id='word_1_101' title='bbox 921 3109 1060 3181; x_wconf 76' lang='lat' dir='ltr'>Pragensis</span> <span class='ocrx_word' id='word_1_102' title='bbox 1087 3120 1115 3165; x_wconf 77' lang='lat' dir='ltr'>et</span> <span class='ocrx_word' id='word_1_103' title='bbox 1139 3106 1308 3165; x_wconf 73' lang='lat' dir='ltr'>coronatione</span> 
     </span>
     <span class='ocr_line' id='line_1_15' title="bbox 116 3173 1377 3251; baseline -0.002 -18"><span class='ocrx_word' id='word_1_104' title='bbox 116 3180 213 3234; x_wconf 75' lang='lat' dir='ltr'>Marias</span> <span class='ocrx_word' id='word_1_105' title='bbox 231 3183 317 3233; x_wconf 84' lang='lat' dir='ltr'>uxoris</span> <span class='ocrx_word' id='word_1_106' title='bbox 335 3183 405 3251; x_wconf 82' lang='lat' dir='ltr'>regis</span> <span class='ocrx_word' id='word_1_107' title='bbox 423 3181 549 3236; x_wconf 83' lang='lat' dir='ltr'>Ludovioi</span> <span class='ocrx_word' id='word_1_108' title='bbox 567 3189 594 3236; x_wconf 88' lang='lat' dir='ltr'>et</span> <span class='ocrx_word' id='word_1_109' title='bbox 610 3180 695 3234; x_wconf 88' lang='lat' dir='ltr'>multis</span> <span class='ocrx_word' id='word_1_110' title='bbox 715 3183 777 3234; x_wconf 84' lang='lat' dir='ltr'>ortis</span> <span class='ocrx_word' id='word_1_111' title='bbox 794 3181 967 3235; x_wconf 72' lang='lat' dir='ltr'>incommodis</span> <span class='ocrx_word' id='word_1_112' title='bbox 1002 3216 1307 3238; x_wconf 89' lang='grc'><strong>........</strong></span> <span class='ocrx_word' id='word_1_113' title='bbox 1343 3173 1377 3230; x_wconf 83' lang='grc'>12</span> 
     </span>
    </p>
   </div>
   <div class='ocr_carea' id='block_1_9' title="bbox 652 3247 810 3336">
    <p class='ocr_par' dir='ltr' id='par_1_12' title="bbox 652 3247 810 3336">
     <span class='ocr_line' id='line_1_16' title="bbox 652 3247 810 3336; baseline 0.025 -23"><span class='ocrx_word' id='word_1_114' title='bbox 652 3247 759 3336; x_wconf 85' lang='lat' dir='ltr'>Oaput</span> <span class='ocrx_word' id='word_1_115' title='bbox 778 3248 810 3318; x_wconf 85' lang='lat'>4.</span> 
     </span>
    </p>
   </div>
   <div class='ocr_carea' id='block_1_10' title="bbox 80 3334 1378 3614">
    <p class='ocr_par' dir='ltr' id='par_1_13' title="bbox 80 3334 1378 3614">
     <span class='ocr_line' id='line_1_17' title="bbox 80 3334 1307 3407; baseline -0.002 -18"><span class='ocrx_word' id='word_1_116' title='bbox 80 3334 205 3390; x_wconf 79' lang='lat' dir='ltr'>Continet</span> <span class='ocrx_word' id='word_1_117' title='bbox 223 3336 357 3389; x_wconf 76' lang='lat' dir='ltr'>dissidium</span> <span class='ocrx_word' id='word_1_118' title='bbox 375 3344 483 3404; x_wconf 85' lang='lat' dir='ltr'>propter</span> <span class='ocrx_word' id='word_1_119' title='bbox 505 3344 641 3407; x_wconf 83' lang='lat' dir='ltr'>computus</span> <span class='ocrx_word' id='word_1_120' title='bbox 665 3344 692 3388; x_wconf 87' lang='lat' dir='ltr'>et</span> <span class='ocrx_word' id='word_1_121' title='bbox 717 3338 850 3390; x_wconf 83' lang='lat' dir='ltr'>ratiocinia</span> <span class='ocrx_word' id='word_1_122' title='bbox 874 3353 889 3389; x_wconf 87' lang='lat' dir='ltr'>a</span> <span class='ocrx_word' id='word_1_123' title='bbox 912 3337 1018 3391; x_wconf 90' lang='lat' dir='ltr'>domino</span> <span class='ocrx_word' id='word_1_124' title='bbox 1040 3336 1105 3391; x_wconf 86' lang='lat' dir='ltr'>Low</span> <span class='ocrx_word' id='word_1_125' title='bbox 1128 3334 1307 3405; x_wconf 79' lang='lat' dir='ltr'>deponendos.</span> 
     </span>
     <span class='ocr_line' id='line_1_18' title="bbox 116 3404 1307 3476; baseline -0.001 -16"><span class='ocrx_word' id='word_1_126' title='bbox 116 3406 157 3460; x_wconf 88' lang='lat' dir='ltr'>De</span> <span class='ocrx_word' id='word_1_127' title='bbox 176 3406 304 3459; x_wconf 83' lang='lat' dir='ltr'>Kestroun</span> <span class='ocrx_word' id='word_1_128' title='bbox 331 3406 470 3472; x_wconf 84' lang='lat' dir='ltr'>panniiioe.</span> <span class='ocrx_word' id='word_1_129' title='bbox 505 3405 545 3457; x_wconf 89' lang='lat' dir='ltr'>De</span> <span class='ocrx_word' id='word_1_130' title='bbox 571 3405 682 3474; x_wconf 87' lang='lat' dir='ltr'>prandio</span> <span class='ocrx_word' id='word_1_131' title='bbox 706 3407 764 3475; x_wconf 78' lang='lat' dir='ltr'>regi</span> <span class='ocrx_word' id='word_1_132' title='bbox 786 3406 919 3459; x_wconf 87' lang='lat' dir='ltr'>Ludovioo</span> <span class='ocrx_word' id='word_1_133' title='bbox 944 3422 960 3459; x_wconf 84' lang='lat' dir='ltr'>a</span> <span class='ocrx_word' id='word_1_134' title='bbox 983 3404 1159 3476; x_wconf 78' lang='lat' dir='ltr'>Progensibns</span> <span class='ocrx_word' id='word_1_135' title='bbox 1184 3407 1211 3458; x_wconf 94' lang='lat' dir='ltr'>in</span> <span class='ocrx_word' id='word_1_136' title='bbox 1236 3406 1307 3459; x_wconf 82' lang='lat' dir='ltr'>ouria</span> 
     </span>
     <span class='ocr_line' id='line_1_19' title="bbox 117 3472 1308 3545; baseline -0.001 -18"><span class='ocrx_word' id='word_1_137' title='bbox 117 3483 217 3543; x_wconf 82' lang='lat' dir='ltr'>parato,</span> <span class='ocrx_word' id='word_1_138' title='bbox 243 3483 268 3526; x_wconf 89' lang='lat' dir='ltr'>et</span> <span class='ocrx_word' id='word_1_139' title='bbox 287 3474 319 3526; x_wconf 91' lang='lat' dir='ltr'>de</span> <span class='ocrx_word' id='word_1_140' title='bbox 337 3474 409 3542; x_wconf 77' lang='lat' dir='ltr'>lude,</span> <span class='ocrx_word' id='word_1_141' title='bbox 433 3489 465 3525; x_wconf 85' lang='lat' dir='ltr'>uo</span> <span class='ocrx_word' id='word_1_142' title='bbox 483 3477 624 3528; x_wconf 84' lang='lat' dir='ltr'>certamine</span> <span class='ocrx_word' id='word_1_143' title='bbox 649 3477 772 3544; x_wconf 86' lang='lat' dir='ltr'>equestri.</span> <span class='ocrx_word' id='word_1_144' title='bbox 806 3475 846 3527; x_wconf 87' lang='lat' dir='ltr'>De</span> <span class='ocrx_word' id='word_1_145' title='bbox 874 3475 1002 3545; x_wconf 74' lang='lat' dir='ltr'>ademptis</span> <span class='ocrx_word' id='word_1_146' title='bbox 1030 3490 1126 3545; x_wconf 75' lang='lat' dir='ltr'>aroge</span> <span class='ocrx_word' id='word_1_147' title='bbox 1154 3472 1308 3545; x_wconf 83' lang='lat' dir='ltr'>quibusdam</span> 
     </span>
     <span class='ocr_line' id='line_1_20' title="bbox 119 3538 1378 3614; baseline 0.003 -19"><span class='ocrx_word' id='word_1_148' title='bbox 119 3546 195 3613; x_wconf 86' lang='lat' dir='ltr'>regni</span> <span class='ocrx_word' id='word_1_149' title='bbox 213 3543 316 3614; x_wconf 83' lang='lat' dir='ltr'>officiis,</span> <span class='ocrx_word' id='word_1_150' title='bbox 334 3551 361 3598; x_wconf 87' lang='lat' dir='ltr'>et</span> <span class='ocrx_word' id='word_1_151' title='bbox 379 3542 435 3596; x_wconf 86' lang='lat' dir='ltr'>aliis</span> <span class='ocrx_word' id='word_1_152' title='bbox 454 3544 555 3597; x_wconf 86' lang='lat' dir='ltr'>collatis</span> <span class='ocrx_word' id='word_1_153' title='bbox 572 3576 1306 3601; x_wconf 81' lang='lat'><strong>..................</strong></span> <span class='ocrx_word' id='word_1_154' title='bbox 1344 3538 1378 3595; x_wconf 86' lang='lat'>13</span> 
     </span>
    </p>
   </div>
   <div class='ocr_carea' id='block_1_11' title="bbox 652 3611 811 3699">
    <p class='ocr_par' dir='ltr' id='par_1_14' title="bbox 652 3611 811 3699">
     <span class='ocr_line' id='line_1_21' title="bbox 652 3611 811 3699; baseline -0.006 -21"><span class='ocrx_word' id='word_1_155' title='bbox 652 3611 759 3699; x_wconf 84' lang='lat' dir='ltr'>Oaput</span> <span class='ocrx_word' id='word_1_156' title='bbox 779 3614 811 3679; x_wconf 82' lang='lat'>5.</span> 
     </span>
    </p>
   </div>
   <div class='ocr_carea' id='block_1_12' title="bbox 80 3690 1377 3907">
    <p class='ocr_par' dir='ltr' id='par_1_15' title="bbox 80 3690 1377 3907">
     <span class='ocr_line' id='line_1_22' title="bbox 80 3690 1308 3772; baseline -0.001 -19"><span class='ocrx_word' id='word_1_157' title='bbox 80 3699 110 3753; x_wconf 85' lang='lat' dir='ltr'>in</span> <span class='ocrx_word' id='word_1_158' title='bbox 128 3714 182 3767; x_wconf 81' lang='lat' dir='ltr'>quo</span> <span class='ocrx_word' id='word_1_159' title='bbox 201 3703 295 3770; x_wconf 78' lang='lat' dir='ltr'>agitur,</span> <span class='ocrx_word' id='word_1_160' title='bbox 314 3700 384 3765; x_wconf 90' lang='lat' dir='ltr'>quod</span> <span class='ocrx_word' id='word_1_161' title='bbox 402 3714 448 3752; x_wconf 85' lang='lat' dir='ltr'>rex</span> <span class='ocrx_word' id='word_1_162' title='bbox 467 3699 594 3753; x_wconf 79' lang='lat' dir='ltr'>ioannem</span> <span class='ocrx_word' id='word_1_163' title='bbox 612 3700 710 3753; x_wconf 80' lang='lat' dir='ltr'>Passek</span> <span class='ocrx_word' id='word_1_164' title='bbox 728 3700 761 3752; x_wconf 85' lang='lat' dir='ltr'>ab</span> <span class='ocrx_word' id='word_1_165' title='bbox 780 3700 873 3754; x_wconf 81' lang='lat' dir='ltr'>officiis</span> <span class='ocrx_word' id='word_1_166' title='bbox 890 3701 1028 3772; x_wconf 81' lang='lat' dir='ltr'>amoverit,</span> <span class='ocrx_word' id='word_1_167' title='bbox 1048 3706 1075 3752; x_wconf 91' lang='lat' dir='ltr'>et</span> <span class='ocrx_word' id='word_1_168' title='bbox 1090 3699 1184 3754; x_wconf 72' lang='lat' dir='ltr'>loanni</span> <span class='ocrx_word' id='word_1_169' title='bbox 1200 3690 1308 3753; x_wconf 80' lang='lat' dir='ltr'>lilewsa</span> 
     </span>
     <span class='ocr_line' id='line_1_23' title="bbox 116 3768 1308 3838; baseline 0.001 -16"><span class='ocrx_word' id='word_1_170' title='bbox 116 3768 248 3832; x_wconf 61' lang='lat' dir='ltr'>tribuerim</span> <span class='ocrx_word' id='word_1_171' title='bbox 267 3769 300 3820; x_wconf 86' lang='lat' dir='ltr'>de</span> <span class='ocrx_word' id='word_1_172' title='bbox 319 3769 479 3835; x_wconf 83' lang='lat' dir='ltr'>ephippiario</span> <span class='ocrx_word' id='word_1_173' title='bbox 499 3769 583 3821; x_wconf 82' lang='lat' dir='ltr'>tiakus</span> <span class='ocrx_word' id='word_1_174' title='bbox 603 3769 681 3834; x_wconf 86' lang='lat' dir='ltr'>dioto,</span> <span class='ocrx_word' id='word_1_175' title='bbox 700 3771 747 3836; x_wconf 90' lang='lat' dir='ltr'>qui</span> <span class='ocrx_word' id='word_1_176' title='bbox 764 3768 796 3821; x_wconf 88' lang='lat' dir='ltr'>de</span> <span class='ocrx_word' id='word_1_177' title='bbox 813 3775 894 3838; x_wconf 86' lang='lat' dir='ltr'>ponte</span> <span class='ocrx_word' id='word_1_178' title='bbox 910 3771 939 3822; x_wconf 92' lang='lat' dir='ltr'>in</span> <span class='ocrx_word' id='word_1_179' title='bbox 956 3768 1063 3822; x_wconf 82' lang='lat' dir='ltr'>fluvium</span> <span class='ocrx_word' id='word_1_180' title='bbox 1080 3769 1185 3832; x_wconf 82' lang='lat' dir='ltr'>insiliit3</span> <span class='ocrx_word' id='word_1_181' title='bbox 1204 3768 1238 3821; x_wconf 90' lang='lat' dir='ltr'>de</span> <span class='ocrx_word' id='word_1_182' title='bbox 1255 3769 1308 3823; x_wconf 80' lang='lat' dir='ltr'>vita</span> 
     </span>
     <span class='ocr_line' id='line_1_24' title="bbox 117 3834 1377 3907; baseline 0 -17"><span class='ocrx_word' id='word_1_183' title='bbox 117 3846 144 3891; x_wconf 90' lang='lat' dir='ltr'>et</span> <span class='ocrx_word' id='word_1_184' title='bbox 162 3837 264 3891; x_wconf 86' lang='lat' dir='ltr'>actibus</span> <span class='ocrx_word' id='word_1_185' title='bbox 281 3836 388 3892; x_wconf 74' lang='lat' dir='ltr'>ioannis</span> <span class='ocrx_word' id='word_1_186' title='bbox 407 3837 515 3902; x_wconf 87' lang='lat' dir='ltr'>Passek,</span> <span class='ocrx_word' id='word_1_187' title='bbox 533 3847 560 3892; x_wconf 90' lang='lat' dir='ltr'>et</span> <span class='ocrx_word' id='word_1_188' title='bbox 578 3839 612 3892; x_wconf 87' lang='lat' dir='ltr'>do</span> <span class='ocrx_word' id='word_1_189' title='bbox 630 3836 785 3907; x_wconf 83' lang='lat' dir='ltr'>quibusdum</span> <span class='ocrx_word' id='word_1_190' title='bbox 802 3838 985 3892; x_wconf 84' lang='lat' dir='ltr'>sacerdotibus</span> <span class='ocrx_word' id='word_1_191' title='bbox 1003 3838 1108 3894; x_wconf 82' lang='lat' dir='ltr'>exulare</span> <span class='ocrx_word' id='word_1_192' title='bbox 1127 3838 1224 3895; x_wconf 85' lang='lat' dir='ltr'>coactis</span> <span class='ocrx_word' id='word_1_193' title='bbox 1255 3877 1264 3894; x_wconf 89' lang='lat'><strong>.</strong></span> <span class='ocrx_word' id='word_1_194' title='bbox 1299 3876 1305 3890; x_wconf 90' lang='lat'><em>.</em></span> <span class='ocrx_word' id='word_1_195' title='bbox 1343 3834 1377 3891; x_wconf 88' lang='grc'>17</span> 
     </span>
    </p>
   </div>
   <div class='ocr_carea' id='block_1_13' title="bbox 650 3905 810 3974">
    <p class='ocr_par' dir='ltr' id='par_1_16' title="bbox 650 3905 810 3974">
     <span class='ocr_line' id='line_1_25' title="bbox 650 3905 810 3974; baseline 0.013 -2"><span class='ocrx_word' id='word_1_196' title='bbox 650 3905 700 3972; x_wconf 81' lang='lat' dir='ltr'>Oa</span> <span class='ocrx_word' id='word_1_197' title='bbox 722 3915 758 3971; x_wconf 84' lang='lat' dir='ltr'>ut</span> <span class='ocrx_word' id='word_1_198' title='bbox 779 3908 810 3974; x_wconf 90' lang='grc'>6.</span> 
     </span>
    </p>
   </div>
   <div class='ocr_carea' id='block_1_14' title="bbox 80 3985 1379 4121">
    <p class='ocr_par' dir='ltr' id='par_1_17' title="bbox 80 3985 1379 4121">
     <span class='ocr_line' id='line_1_26' title="bbox 80 3985 1308 4065; baseline 0.001 -18"><span class='ocrx_word' id='word_1_199' title='bbox 80 3993 122 4047; x_wconf 89' lang='lat' dir='ltr'>De</span> <span class='ocrx_word' id='word_1_200' title='bbox 141 4004 273 4048; x_wconf 84' lang='lat' dir='ltr'>conventu</span> <span class='ocrx_word' id='word_1_201' title='bbox 290 3996 317 4046; x_wconf 91' lang='lat' dir='ltr'>in</span> <span class='ocrx_word' id='word_1_202' title='bbox 335 4009 430 4060; x_wconf 86' lang='lat' dir='ltr'>magno</span> <span class='ocrx_word' id='word_1_203' title='bbox 447 3992 560 4063; x_wconf 80' lang='lat' dir='ltr'>collegio</span> <span class='ocrx_word' id='word_1_204' title='bbox 573 3996 653 4062; x_wconf 84' lang='lat' dir='ltr'>partis</span> <span class='ocrx_word' id='word_1_205' title='bbox 670 4010 682 4048; x_wconf 87' lang='lat' dir='ltr'>s</span> <span class='ocrx_word' id='word_1_206' title='bbox 732 3985 850 4065; x_wconf 85' lang='lat' dir='ltr'>utraque,</span> <span class='ocrx_word' id='word_1_207' title='bbox 869 4003 896 4052; x_wconf 87' lang='lat' dir='ltr'>et</span> <span class='ocrx_word' id='word_1_208' title='bbox 914 3995 978 4064; x_wconf 83' lang='lat' dir='ltr'>quid</span> <span class='ocrx_word' id='word_1_209' title='bbox 995 3990 1079 4049; x_wconf 87' lang='lat' dir='ltr'>inille</span> <span class='ocrx_word' id='word_1_210' title='bbox 1096 4003 1182 4051; x_wconf 88' lang='lat' dir='ltr'>aetum</span> <span class='ocrx_word' id='word_1_211' title='bbox 1200 4001 1228 4052; x_wconf 87' lang='lat' dir='ltr'>et</span> <span class='ocrx_word' id='word_1_212' title='bbox 1245 4008 1308 4048; x_wconf 88' lang='lat' dir='ltr'>eon·</span> 
     </span>
     <span class='ocr_line' id='line_1_27' title="bbox 118 4060 1379 4121; baseline 0.002 -4"><span class='ocrx_word' id='word_1_213' title='bbox 118 4064 218 4117; x_wconf 85' lang='lat' dir='ltr'>clusum</span> <span class='ocrx_word' id='word_1_214' title='bbox 237 4065 314 4118; x_wconf 82' lang='lat' dir='ltr'>fuerit</span> <span class='ocrx_word' id='word_1_215' title='bbox 361 4102 1309 4121; x_wconf 78' lang='grc'><strong>.......................</strong></span> <span class='ocrx_word' id='word_1_216' title='bbox 1343 4060 1379 4117; x_wconf 73' lang='lat'>20</span> 
     </span>
    </p>
   </div>
   <div class='ocr_carea' id='block_1_15' title="bbox 557 4131 809 4219">
    <p class='ocr_par' dir='ltr' id='par_1_18' title="bbox 557 4131 809 4219">
     <span class='ocr_line' id='line_1_28' title="bbox 557 4131 809 4219; baseline -0.004 -21"><span class='ocrx_word' id='word_1_217' title='bbox 557 4180 559 4188; x_wconf 71' lang='grc'>.</span> <span class='ocrx_word' id='word_1_218' title='bbox 651 4131 759 4219; x_wconf 72' lang='lat' dir='ltr'>Caput</span> <span class='ocrx_word' id='word_1_219' title='bbox 780 4133 809 4199; x_wconf 83' lang='lat' dir='ltr'>t.</span> 
     </span>
    </p>
   </div>
   <div class='ocr_carea' id='block_1_16' title="bbox 81 4216 1376 4414">
    <p class='ocr_par' dir='ltr' id='par_1_19' title="bbox 81 4216 1376 4414">
     <span class='ocr_line' id='line_1_29' title="bbox 81 4216 1308 4291; baseline 0.002 -20"><span class='ocrx_word' id='word_1_220' title='bbox 81 4217 134 4271; x_wconf 91' lang='lat' dir='ltr'>Ubi</span> <span class='ocrx_word' id='word_1_221' title='bbox 151 4221 303 4273; x_wconf 88' lang='lat' dir='ltr'>nominatim</span> <span class='ocrx_word' id='word_1_222' title='bbox 320 4228 441 4274; x_wconf 86' lang='lat' dir='ltr'>notantur</span> <span class='ocrx_word' id='word_1_223' title='bbox 460 4235 587 4287; x_wconf 82' lang='lat' dir='ltr'>personne</span> <span class='ocrx_word' id='word_1_224' title='bbox 605 4237 620 4272; x_wconf 88' lang='lat' dir='ltr'>s</span> <span class='ocrx_word' id='word_1_225' title='bbox 638 4235 701 4291; x_wconf 84' lang='lat' dir='ltr'>rege</span> <span class='ocrx_word' id='word_1_226' title='bbox 720 4222 746 4274; x_wconf 92' lang='lat' dir='ltr'>in</span> <span class='ocrx_word' id='word_1_227' title='bbox 764 4227 870 4275; x_wconf 89' lang='lat' dir='ltr'>senatus</span> <span class='ocrx_word' id='word_1_228' title='bbox 897 4221 983 4274; x_wconf 82' lang='lat' dir='ltr'>officie</span> <span class='ocrx_word' id='word_1_229' title='bbox 1002 4220 1110 4276; x_wconf 87' lang='lat' dir='ltr'>electae.</span> <span class='ocrx_word' id='word_1_230' title='bbox 1141 4216 1179 4273; x_wconf 85' lang='lat' dir='ltr'>De</span> <span class='ocrx_word' id='word_1_231' title='bbox 1197 4221 1308 4274; x_wconf 83' lang='lat' dir='ltr'>comitiis</span> 
     </span>
     <span class='ocr_line' id='line_1_30' title="bbox 117 4288 1307 4362; baseline 0.004 -23"><span class='ocrx_word' id='word_1_232' title='bbox 117 4288 211 4341; x_wconf 88' lang='lat' dir='ltr'>habitis</span> <span class='ocrx_word' id='word_1_233' title='bbox 231 4292 298 4342; x_wconf 87' lang='lat' dir='ltr'>circa</span> <span class='ocrx_word' id='word_1_234' title='bbox 319 4290 386 4343; x_wconf 89' lang='lat' dir='ltr'>diem</span> <span class='ocrx_word' id='word_1_235' title='bbox 404 4299 510 4344; x_wconf 87' lang='lat' dir='ltr'>sanctae</span> <span class='ocrx_word' id='word_1_236' title='bbox 528 4289 716 4358; x_wconf 69' lang='lat' dir='ltr'>margarethae,</span> <span class='ocrx_word' id='word_1_237' title='bbox 742 4298 768 4343; x_wconf 89' lang='lat' dir='ltr'>et</span> <span class='ocrx_word' id='word_1_238' title='bbox 786 4289 849 4359; x_wconf 87' lang='lat' dir='ltr'>quid</span> <span class='ocrx_word' id='word_1_239' title='bbox 865 4292 891 4342; x_wconf 92' lang='lat' dir='ltr'>iu</span> <span class='ocrx_word' id='word_1_240' title='bbox 908 4291 959 4344; x_wconf 85' lang='lat' dir='ltr'>iltis</span> <span class='ocrx_word' id='word_1_241' title='bbox 977 4297 1063 4346; x_wconf 82' lang='lat' dir='ltr'>uotum</span> <span class='ocrx_word' id='word_1_242' title='bbox 1081 4291 1122 4347; x_wconf 88' lang='lat' dir='ltr'>sit.</span> <span class='ocrx_word' id='word_1_243' title='bbox 1157 4291 1196 4346; x_wconf 86' lang='lat' dir='ltr'>De</span> <span class='ocrx_word' id='word_1_244' title='bbox 1214 4306 1307 4362; x_wconf 73' lang='lat' dir='ltr'>magna</span> 
     </span>
     <span class='ocr_line' id='line_1_31' title="bbox 118 4356 1376 4414; baseline 0.003 -4"><span class='ocrx_word' id='word_1_245' title='bbox 118 4357 274 4413; x_wconf 85' lang='lat' dir='ltr'>infidelitate</span> <span class='ocrx_word' id='word_1_246' title='bbox 294 4368 319 4412; x_wconf 86' lang='lat' dir='ltr'>ot</span> <span class='ocrx_word' id='word_1_247' title='bbox 337 4359 439 4412; x_wconf 88' lang='lat' dir='ltr'>insidiis</span> <span class='ocrx_word' id='word_1_248' title='bbox 457 4359 533 4410; x_wconf 86' lang='lat' dir='ltr'>nnius</span> <span class='ocrx_word' id='word_1_249' title='bbox 552 4367 642 4413; x_wconf 82' lang='lat' dir='ltr'>eontra</span> <span class='ocrx_word' id='word_1_250' title='bbox 659 4358 769 4412; x_wconf 83' lang='lat' dir='ltr'>atterum</span> <span class='ocrx_word' id='word_1_251' title='bbox 822 4396 1044 4414; x_wconf 83' lang='grc'><strong>......</strong></span> <span class='ocrx_word' id='word_1_252' title='bbox 1047 4373 1051 4380; x_wconf 85' lang='grc'><strong>’</strong></span> <span class='ocrx_word' id='word_1_253' title='bbox 1081 4397 1305 4414; x_wconf 90' lang='grc'><strong>......</strong></span> <span class='ocrx_word' id='word_1_254' title='bbox 1340 4356 1376 4414; x_wconf 73' lang='grc'>27</span> 
     </span>
    </p>
   </div>
   <div class='ocr_carea' id='block_1_17' title="bbox 1250 2514 1372 2596">
    <p class='ocr_par' dir='ltr' id='par_1_20' title="bbox 1250 2514 1372 2596">
     <span class='ocr_line' id='line_1_32' title="bbox 1250 2514 1372 2596; baseline -0.008 -28"><span class='ocrx_word' id='word_1_255' title='bbox 1250 2592 1253 2596; x_wconf 22' lang='lat'>¹</span> <span class='ocrx_word' id='word_1_256' title='bbox 1312 2514 1372 2568; x_wconf 68' lang='lat' dir='ltr'>uns·</span> 
     </span>
    </p>
   </div>
   <div class='ocr_carea' id='block_1_18' title="bbox 82 4425 1308 4654">
    <p class='ocr_par' dir='ltr' id='par_1_21' title="bbox 82 4425 1308 4654">
     <span class='ocr_line' id='line_1_33' title="bbox 82 4425 1308 4590; baseline 0.005 -26"><span class='ocrx_word' id='word_1_257' title='bbox 82 4511 124 4564; x_wconf 88' lang='lat' dir='ltr'>De</span> <span class='ocrx_word' id='word_1_258' title='bbox 143 4515 257 4581; x_wconf 89' lang='lat' dir='ltr'>quodam</span> <span class='ocrx_word' id='word_1_259' title='bbox 276 4513 382 4567; x_wconf 87' lang='lat' dir='ltr'>doctore</span> <span class='ocrx_word' id='word_1_260' title='bbox 413 4514 556 4582; x_wconf 83' lang='lat' dir='ltr'>scripturae</span> <span class='ocrx_word' id='word_1_261' title='bbox 582 4425 1049 4586; x_wconf 48' lang='lat' dir='ltr'>samagaffltmsso&#39;noseredinum,</span> <span class='ocrx_word' id='word_1_262' title='bbox 1076 4524 1103 4570; x_wconf 88' lang='lat' dir='ltr'>et</span> <span class='ocrx_word' id='word_1_263' title='bbox 1129 4516 1162 4570; x_wconf 84' lang='lat' dir='ltr'>de</span> <span class='ocrx_word' id='word_1_264' title='bbox 1185 4515 1308 4590; x_wconf 70' lang='lat' dir='ltr'>hutnore,</span> 
     </span>
     <span class='ocr_line' id='line_1_34' title="bbox 119 4583 1306 4654; baseline 0.003 -20"><span class='ocrx_word' id='word_1_265' title='bbox 119 4583 222 4649; x_wconf 92' lang='lat' dir='ltr'>quando</span> <span class='ocrx_word' id='word_1_266' title='bbox 241 4583 449 4651; x_wconf 80' lang='lat' dir='ltr'>consurrexerit3</span> <span class='ocrx_word' id='word_1_267' title='bbox 469 4583 564 4637; x_wconf 82' lang='lat' dir='ltr'>deindo</span> <span class='ocrx_word' id='word_1_268' title='bbox 583 4584 713 4654; x_wconf 89' lang='lat' dir='ltr'>quomodo</span> <span class='ocrx_word' id='word_1_269' title='bbox 732 4584 850 4638; x_wconf 88' lang='lat' dir='ltr'>homines</span> <span class='ocrx_word' id='word_1_270' title='bbox 868 4586 1013 4654; x_wconf 84' lang='lat' dir='ltr'>inceperint</span> <span class='ocrx_word' id='word_1_271' title='bbox 1022 4601 1156 4639; x_wconf 82' lang='lat' dir='ltr'>assumere</span> <span class='ocrx_word' id='word_1_272' title='bbox 1170 4589 1306 4642; x_wconf 84' lang='lat' dir='ltr'>veritatem</span> 
     </span>
    </p>
   </div>
   <div class='ocr_carea' id='block_1_19' title="bbox 118 4650 1403 4782">
    <p class='ocr_par' dir='ltr' id='par_1_22' title="bbox 118 4650 1403 4782">
     <span class='ocr_line' id='line_1_35' title="bbox 118 4650 1309 4724; baseline 0.003 -20"><span class='ocrx_word' id='word_1_273' title='bbox 118 4651 261 4721; x_wconf 79' lang='lat' dir='ltr'>scripturae</span> <span class='ocrx_word' id='word_1_274' title='bbox 293 4650 396 4722; x_wconf 85' lang='lat' dir='ltr'>Christi,</span> <span class='ocrx_word' id='word_1_275' title='bbox 425 4663 451 4709; x_wconf 86' lang='lat' dir='ltr'>et</span> <span class='ocrx_word' id='word_1_276' title='bbox 482 4668 587 4720; x_wconf 84' lang='lat' dir='ltr'>causae,</span> <span class='ocrx_word' id='word_1_277' title='bbox 606 4669 651 4708; x_wconf 86' lang='lat' dir='ltr'>our</span> <span class='ocrx_word' id='word_1_278' title='bbox 681 4660 708 4711; x_wconf 85' lang='lat' dir='ltr'>et</span> <span class='ocrx_word' id='word_1_279' title='bbox 726 4653 857 4724; x_wconf 90' lang='lat' dir='ltr'>quomodo</span> <span class='ocrx_word' id='word_1_280' title='bbox 886 4654 998 4708; x_wconf 82' lang='lat' dir='ltr'>daemon</span> <span class='ocrx_word' id='word_1_281' title='bbox 1027 4669 1075 4724; x_wconf 79' lang='lat' dir='ltr'>per</span> <span class='ocrx_word' id='word_1_282' title='bbox 1103 4670 1165 4708; x_wconf 89' lang='lat' dir='ltr'>suos</span> <span class='ocrx_word' id='word_1_283' title='bbox 1194 4654 1309 4712; x_wconf 72' lang='lat' dir='ltr'>asseclas</span> 
     </span>
     <span class='ocr_line' id='line_1_36' title="bbox 118 4719 1403 4782; baseline -0.002 -8"><span class='ocrx_word' id='word_1_284' title='bbox 118 4720 158 4774; x_wconf 89' lang='lat' dir='ltr'>his</span> <span class='ocrx_word' id='word_1_285' title='bbox 177 4721 305 4780; x_wconf 84' lang='lat' dir='ltr'>obstiterit</span> <span class='ocrx_word' id='word_1_286' title='bbox 359 4752 1330 4782; x_wconf 65' lang='grc'>.......................</span> <span class='ocrx_word' id='word_1_287' title='bbox 1355 4719 1403 4768; x_wconf 61' lang='lat' dir='ltr'>*iio</span> 
     </span>
    </p>
   </div>
   <div class='ocr_carea' id='block_1_20' title="bbox 0 0 1499 5040">
    <p class='ocr_par' dir='ltr' id='par_1_23' title="bbox 0 0 1499 5040">
     <span class='ocr_line' id='line_1_37' title="bbox 0 0 1499 5040; baseline 0 0"><span class='ocrx_word' id='word_1_288' title='bbox 0 0 1499 5040; x_wconf 95' lang='lat' dir='ltr'> </span> 
     </span>
    </p>
   </div>
  </div>
 </body>
</html>
