2880 5070
124 158 191 228 248

122 353 235 404 eorum
257 352 325 399 non
346 331 393 397 ita
413 323 617 418 apparebant
637 325 814 412 adornata,
836 330 933 415 prout
964 341 1052 390 nuno
1075 321 1265 390 dominante
1282 321 1311 388 P

120 462 227 530 neque
249 437 293 504 ad
316 434 507 503 solutionem
530 432 726 499 creditorum
757 430 925 520 perveniri
946 429 1061 516 potuit,
1086 430 1153 495 nisi
1175 426 1237 493 hoo
1257 436 1312 492 tem

127 543 223 632 Zyka
256 541 343 607 enim
380 538 478 622 lanio,
508 535 586 602 dum
621 536 736 623 paucis
758 536 864 601 haesit
884 530 1147 614 necessitatibus,
1180 540 1282 597 tanen
1298 551 1325 597 rt

120 670 200 717 vare
228 656 295 730 non
328 643 442 733 potuit,
475 641 541 706 nisi
569 639 802 706 auxiliantibus
834 637 1021 704 Piokhartis
1054 645 1088 703 et
1120 635 1195 701 aliis
1225 635 1263 700 bo
1291 635 1298 652 ⁴

125 748 296 834 Quomodo
317 747 440 814 Joanni
460 745 597 811 Karban
619 745 732 811 annuli
752 743 888 831 pretiosi
909 738 944 807 in
966 742 1063 829 copia
1084 741 1211 828 recepti
1219 759 1306 805 manu

121 862 285 937 ornarunt,
307 860 344 916 ut
364 848 496 916 undem
521 850 622 914 cistae
646 849 715 937 ejus
738 846 892 935 impletae
913 844 1044 910 fuerint.
1067 844 1134 910 Pro
1158 844 1245 912 Gallo

119 958 381 1026 administratore
389 963 464 1020 ante
487 952 549 1019 hoo
572 951 984 1039 territorialesTeynenses
1006 950 1163 1017 collectas
1184 972 1236 1016 oon
1270 950 1276 966 '

122 1063 286 1152 deponere
308 1060 562 1141 debuerant,‘ut
593 1065 703 1124 vestes
725 1058 882 1145 acquirat,
904 1057 939 1129 in
974 1054 1094 1143 quibus
1114 1054 1251 1120 incedere

119 1168 251 1235 tandem
273 1166 330 1232 ille
351 1167 492 1253 ipsemet
513 1161 586 1228 aliis
609 1162 688 1227 emit
719 1169 752 1227 et
772 1161 907 1227 donavit
927 1169 1037 1226 vestes
1061 1181 1105 1226 ex
1124 1159 1222 1225 alieno
1323 1242 1327 1249 Ι

123 1272 273 1362 pecunia,
297 1270 368 1336 sine
390 1268 599 1334 distinctione
620 1267 788 1354 utriusque
812 1288 920 1348 sexus,
944 1266 1041 1332 etiam
1064 1263 1239 1330 mulieribus
1258 1244 1337 1350 jaff

124 1377 199 1445 bus.
220 1374 306 1441 Item
328 1373 394 1458 alii,
411 1373 467 1460 qui
478 1370 690 1453 laetabantur,
705 1378 738 1436 et
757 1370 882 1436 fructus
904 1376 1113 1457 sumpserunt
1124 1356 1168 1433 ex
1178 1350 1329 1433 aianoffl

208 1477 379 1562 Secund03
393 1475 479 1565 quod
493 1499 573 1542 unus
589 1475 693 1558 alteri,
706 1476 829 1540 amicus
841 1474 947 1539 amico
958 1472 1062 1539 libere
1073 1471 1216 1560 colloqui
1224 1446 1331 1563 Μή

124 1584 177 1667 rit,
190 1591 222 1649 ct
233 1584 261 1647 si
275 1581 426 1648 collocuti
446 1581 577 1670 quidam
588 1578 728 1662 fuerunt,
736 1581 807 1667 jam
818 1578 1071 1665 circumspicere
1086 1560 1336 1642 debuerurffl

123 1687 198 1753 dam
209 1686 392 1775 proditores
406 1695 438 1752 et
449 1695 656 1752 accusatores
668 1685 785 1768 adsint,
797 1691 893 1771 prout
905 1681 999 1747 multi
1007 1681 1124 1747 horum
1135 1680 1296 1763 Progne
1310 1762 1315 1777 ,

13 1781 16 1787 ¹
121 1801 154 1858 et
176 1810 304 1880 semper
325 1791 408 1858 tales
431 1790 536 1857 dolosi
558 1789 720 1856 insidiarii
742 1787 957 1874 augebantur,
982 1787 1038 1874 qui
1059 1787 1095 1851 in
1116 1785 1284 1874 probos
1301 1740 1354 1840 Md

124 1897 364 1984 suspectionem
385 1895 502 1962 falsam
524 1903 619 1983 pro'ut
639 1895 674 1959 in
694 1893 823 1981 priores
845 1891 1008 1977 relegatos
1029 1891 1113 1957 retia
1135 1913 1196 1957 sua
1253 1869 1354 1946 dola*

119 2000 367 2084 eumduxerunt,
400 1999 504 2066 atilli
525 2000 598 2066 veri
619 1997 804 2064 adulatores
827 2018 883 2062 eos
904 1996 987 2062 false
1008 1997 1045 2060 in
1066 1974 1354 2062 nutamine&

115 2112 369 2186 accusaverunt,
399 2103 457 2169 ubi
478 2102 611 2168 tandem
642 2102 711 2166 sine
742 2099 855 2166 debita
887 2099 1097 2166 exauditione
1131 2085 1354 2165 difficiletl

113 2208 196 2276 false
218 2207 380 2273 accusatis
408 2206 523 2290 fuerat,
548 2228 591 2272 ex
612 2204 732 2271 talibus
755 2202 880 2270 retibus
904 2226 939 2269 se
962 2205 1136 2286 extricare,
1167 2189 1290 2290 quod
1300 2195 1354 2273 tlh

116 2334 135 2377 e
156 2333 276 2398 magna
298 2308 446 2399 deposita
480 2333 606 2377 summa
627 2312 791 2398 pecuniae
814 2311 872 2374 vix
893 2308 1016 2374 factum
1037 2306 1111 2384 fuit,
1130 2306 1193 2373 hoc
1220 2303 1354 2397 imqup

116 2436 236 2482 vamen
258 2414 294 2479 in
317 2414 579 2480 communitatem
602 2414 780 2483 directores
802 2416 851 2482 illi
874 2435 949 2479 oum
969 2411 1115 2499 periculo
1137 2424 1263 2498 magn⁰
1276 2403 1344 2483 'lb

117 2528 207 2586 runt.
229 2517 274 2584 Et
296 2518 384 2605 quod
400 2517 477 2607 plus
501 2528 649 2587 exortum
672 2521 743 2606 fuit,
766 2522 844 2589 dum
865 2519 980 2586 ultimo
1001 2514 1068 2582 illis
1082 2512 1337 2594 minuerunt&

116 2625 153 2690 in
174 2616 359 2712 praesentia
380 2624 469 2710 regis
490 2624 525 2688 in
547 2632 623 2690 arce
644 2625 805 2713 Pragensi
827 2625 909 2692 tales
940 2621 1140 2715 fraudulenti
1159 2621 1212 2688 ad¹
1232 2646 1288 2673 ’
1311 2650 1327 2712 ¹t
1353 2667 1354 2679 κ

118 2736 250 2796 centes:
276 2727 363 2816 quod
385 2727 493 2794 adhuc
515 2728 818 2817 aliquot'centenos
842 2731 931 2797 cives
947 2724 1274 2814 conscriptoshabeanl
1343 2753 1354 2818 a

119 2832 358 2922 quamprimum
381 2854 443 2898 rex
465 2855 483 2898 e
505 2855 606 2920 regno
631 2835 781 2920 exiverit,
804 2834 854 2901 illi
875 2831 1050 2899 intendant
1071 2852 1129 2898 eos
1152 2853 1194 2898 ex
1209 2826 1264 2896 ciri
1285 2869 1286 2874 κ
1307 2903 1318 2915 Ἴ
1344 2851 1353 2895 t

119 2937 241 3024 legare,
264 2935 423 3002 habentes
445 2935 519 3002 illos
541 2960 601 3025 pro
624 2938 821 3024 Piokhartis,
846 2941 931 3006 siout
953 2936 1088 3027 priores,
1113 2935 1171 3002 ubi
1191 2931 1281 3024 prol'a

113 3040 249 3128 judiciis
272 3039 448 3129 sperabant
469 3041 659 3126 solutiones,
686 3052 719 3108 et
741 3042 873 3110 tandem
896 3042 1011 3109 ultimo
1035 3040 1195 3107 bonorum
1207 3038 1290 3105 iloto
1320 3041 1331 3109 .³

117 3145 265 3212 vationes
288 3146 373 3211 siout
393 3146 428 3211 in
449 3145 613 3232 prioribus
648 3147 772 3214 factum·
806 3148 877 3218 fuit.
921 3148 973 3214 De
1010 3144 1127 3234 quibus
1149 3144 1271 3212 omnibus
1292 3146 1294 3190 ἐ
1328 3143 1332 3160 ’

117 3251 300 3337 Pragenses
324 3252 413 3317 cives
437 3250 653 3317 sufficientem
675 3251 936 3320 informationem
958 3253 994 3318 in
1017 3251 1108 3317 curia
1137 3273 1197 3319 sua
1213 3250 1267 3335 regi
1287 3276 1297 3290 r
1320 3281 1338 3294 .

118 3354 245 3439 derunt,
276 3354 508 3444 supplicantes,
538 3363 574 3421 ut
601 3377 657 3422 eos
691 3344 754 3423 hac
775 3360 811 3423 in
832 3381 869 3424 re
890 3362 1050 3446 protegat,
1073 3367 1107 3425 et
1129 3381 1173 3426 ex
1199 3348 1337 3441 boam

119 3460 237 3527 educat
256 3483 317 3549 per
339 3460 536 3526 divisionem
557 3457 655 3551 hujus
677 3463 817 3547 unionis,
841 3471 874 3529 et
895 3484 938 3528 ne
961 3485 1060 3552 super
1081 3463 1159 3531 illos
1193 3460 1264 3530 illud
1277 3448 1339 3539 ff

118 3572 180 3652 tat,
209 3565 296 3654 quod
317 3564 590 3654 praecedentibus
625 3567 726 3632 annis·
743 3567 819 3633 aliis
849 3567 1003 3654 relegatis
1024 3568 1156 3652 accidit,
1178 3568 1233 3635 nbi
1251 3548 1333 3656 q&

117 3671 422 3753 incarceraverunt,
444 3669 668 3757 flagellarunt,
691 3680 873 3761 torserunt,
898 3672 941 3739 ad
978 3671 1186 3740 columellam
1207 3670 1343 3761 ligant

118 3774 181 3840 alio
204 3774 300 3841 modo
322 3775 521 3859 afflixerunt,
545 3785 578 3842 et
600 3799 643 3843 ex
664 3775 796 3845 civitate
819 3777 941 3843 relictis
964 3777 1115 3844 omnibus
1138 3777 1292 3845 suisbonis

112 3880 291 3966 jusserunt,
315 3882 386 3945 sine
408 3882 497 3945 omni
518 3884 658 3968 praevia
676 3882 787 3948 debita
809 3883 1023 3962 exauditione,
1042 3884 1139 3948 etiam
1163 3870 1354 3972 quosdam&¹

117 3983 339 4072 privaverunt,
361 3984 487 4074 absque
508 3987 597 4050 omni
619 3987 730 4069 debita
753 3994 785 4053 et
801 3988 893 4076 justa
914 4009 1020 4056 causa.
1352 4004 1354 4013 '

195 4082 296 4154 'Haec
319 4096 351 4154 et
373 4090 438 4155 'alia
449 4093 642 4176 gravamina
652 4094 724 4178 regi
735 4101 982 4181 proposuerunt,
994 4099 1030 4160 ut
1048 4092 1167 4159 mirum
1187 4078 1351 4159 auditunffil

119 4198 152 4257 et
173 4190 230 4256 ubi
251 4192 377 4260 feroces
399 4195 480 4260 alias
501 4196 642 4281 firerunt,
661 4198 758 4286 juxta
780 4199 862 4264 alios
886 4206 1000 4264 contra
1020 4197 1096 4264 illos
1119 4186 1353 4284 exultantia*

116 4296 200 4362 riam
222 4296 358 4365 aliorum
385 4300 551 4388 juvantes,
584 4310 662 4368 tunc
684 4325 764 4370 vero
786 4303 828 4369 de
850 4304 903 4370 his
925 4305 1006 4370 actis
1039 4302 1216 4371 doluerunt
1235 4301 1292 4392 (ille
1306 4291 1354 4361 td!

117 4403 279 4487 timentes,
300 4425 344 4470 ne
365 4405 423 4470 tali
453 4428 551 4472 onere
573 4419 765 4494 gvaventur,
780 4410 872 4476 sieut
900 4408 966 4493 illi,
990 4410 1089 4476 etiam
1113 4419 1226 4478 contra
1246 4401 1354 4476 oontd*

116 4508 196 4574 tiam
218 4530 309 4575 suam
337 4532 437 4596 agere
459 4510 653 4603 debuerunt)
684 4522 717 4580 et
739 4515 825 4603 quod
842 4517 967 4604 justum
989 4514 1060 4599 fuit,
1088 4500 1354 4592 insinuantur*

118 4633 198 4679 vero
219 4635 279 4701 pro
301 4613 410 4681 futura
432 4618 590 4683 memoria
610 4617 822 4686 notificentur
844 4619 1024 4689 directores
1047 4627 1080 4687 et
1102 4622 1259 4705 eonsules,
1272 4623 1354 4706 quoru

113 4722 262 4810 tempore
282 4719 341 4790 ille
364 4720 525 4793 tumultus
546 4722 680 4813 Pragae
700 4731 794 4792 ortus
811 4723 887 4808 but,
908 4733 946 4790 et
963 4725 1077 4791 omnia
1089 4727 1182 4798 anda
1200 4728 1354 4796 tamoneot
