2948 5040
130 149 194 245 ,2⁶⁸

138 351 350 421 quaecunque
368 329 437 415 ¹illis
458 330 610 421 placent3
632 333 716 418 dont
735 333 858 429 pariter
890 333 974 402 haec
993 331 1066 403 fieri
1096 332 1139 401 ob
1160 331 1243 401 alias
1263 330 1428 401 inordina·

135 437 244 502 tiones
282 445 316 502 et
348 433 486 502 dissidia
506 459 566 525 per
597 436 673 505 illos
694 440 729 505 in
763 439 882 529 populo
905 446 1047 522 causata,
1068 438 1211 507 maxime
1232 459 1295 526 per
1315 437 1430 503 tumul-

134 547 250 614 tuset¹
273 539 494 616 dissensiones
525 540 590 613 his¹
605 545 699 608 annis
730 542 857 630 Pra'gae
891 551 1032 626 exortas,
1055 543 1151 608 simul
1172 541 1270 611 etiam
1291 539 1336 608 ob
1358 563 1427 630 per·

133 646 319 713 secutiones
340 644 452 733 populi
474 647 655 713 communis
676 669 736 737 per
754 670 870 714 manus
891 646 1002 732 laicas,
1023 648 1241 717 correctiones
1256 645 1427 714 ecclesias·

132 753 214 817 tinas
242 750 451 817 inconsuetas
479 750 610 835 infide,
632 773 707 817 cum
738 752 812 819 eliis
849 751 1093 839 gravaminibus
1114 751 1224 817 multis
1251 772 1358 839 snpra
1378 749 1427 817 de

132 856 262 943 scriptis
283 875 343 942 per
365 854 516 942 dogmata
538 877 657 939 eorum,
681 865 713 921 et
733 855 798 922 alia
819 857 997 922 innumera
1039 854 1162 922 Ultimo
1184 854 1321 922 tandem
1345 855 1425 943 quod

132 978 231 1025 causa
250 957 370 1029 fuerint
391 960 596 1047 nuperrimae
618 962 888 1027 concremationis
909 961 1037 1028 illarum
1060 962 1202 1048 quinque
1213 980 1425 1047 personarum

130 1062 194 1130 boc
216 1063 374 1150 supplicio
396 1063 595 1149 effectarum,
618 1065 705 1153 quod
726 1067 836 1155 itaque
859 1065 976 1134 multos
998 1065 1147 1132 homines
1167 1063 1426 1146 obcaecaverint,

133 1176 168 1235 ut
189 1167 300 1251 oculos
332 1167 490 1234 babentes
511 1192 578 1236 non
601 1170 736 1243 videant
757 1181 789 1236 et
809 1170 1009 1236 intellectum
1039 1168 1197 1245 hebentes
1218 1189 1286 1233 non
1309 1165 1426 1233 intelli·

134 1282 223 1360 gant,
245 1271 326 1358 quid
347 1273 468 1339 bonum
489 1273 687 1341 autmalum
709 1275 759 1341 sit
804 1274 891 1357 Quid
914 1277 1000 1341 enim
1022 1273 1153 1342 seduxit
1172 1293 1288 1359 regern
1310 1270 1424 1337 Achab

133 1387 167 1446 et
197 1398 309 1463 regem
331 1375 535 1462 Sedec'hiam,
559 1378 780 1467 populumque
800 1402 933 1464 eorum,
956 1379 1034 1467 quid
1056 1380 1222 1446 civitatem
1243 1374 1427 1444 Jerusalem

130 1490 207 1549 ante
227 1483 426 1570 ipsissimam
462 1484 533 1570 ejus
563 1484 825 1569 destructionem,
864 1487 929 1551 nisi
964 1484 1040 1551 falsi
1073 1482 1253 1571 prophetae
1290 1488 1329 1546 et
1348 1479 1428 1566 logis

132 1586 250 1673 magist
238 1584 303 1650 tri?
337 1584 490 1675 quodque
513 1589 611 1653 etiam
634 1588 713 1663 talia
735 1589 928 1678 exempla
917 1612 953 1659 ιιι
974 1596 1167 1655 testamento
1188 1587 1254 1653 Dei
1275 1592 1312 1650 et
1333 1583 1428 1650 histo·

131 1687 189 1755 riis
210 1688 311 1759 multa
345 1691 563 1796 inveniantur,
585 1691 641 1759 ubi
679 1694 865 1760 sacerdotes
886 1693 1032 1782 perversi
1064 1690 1252 1780 populum
1242 1712 1278 1757 ιιι
1303 1710 1428 1755 errores

133 1802 166 1860 ιι
185 1801 323 1881 peccate
343 1771 578 1882 perduxerunt,
600 1797 732 1864 tandem
755 1820 834 1867 vero
865 1798 952 1887 quod
973 1796 1065 1863 Deus
1087 1795 1169 1862 tales
1191 1793 1306 1878 duces,
1329 1793 1428 1880 magi·

135 1905 217 1964 stros
241 1896 424 1964 stillarum
446 1899 593 1973 subditos
616 1900 658 1968 ob
680 1924 735 1968 res
757 1901 879 1968 similes
901 1903 1091 1968 commissas
1122 1900 1234 1967 stricte
1254 1898 1428 1985 puniverit

132 2001 354 2080 Nihilominus
385 2005 465 2070 talia
493 2014 603 2071 tamen
630 2006 760 2096 judicie
781 2008 847 2073 Dei
888 2006 1159 2089 mirabiliasunt,
1196 2003 1291 2069 Deus
1314 2021 1430 2088 nempe

132 2109 240 2175 varias
262 2107 476 2175 adversitates
497 2090 631 2198 propter
666 2119 801 2198 peccata
833 2113 960 2196 imittit;
976 2162 979 2167 ,
998 2109 1136 2177 subinde
1169 2107 1267 2175 otiam
1310 2104 1428 2172 eleetos

135 2235 209 2279 suos
237 2213 273 2278 in
307 2214 485 2301 patientia
494 2224 526 2279 et
548 2217 730 2281 constsmtia
765 2215 899 2304 probat3
922 2214 999 2282 talia
1036 2231 1114 2282 veto
1138 2212 1250 2279 divina
1270 2213 1429 2306 mysteria

134 2317 321 2384 hominibus
343 2317 534 2383 mortalibus
558 2327 632 2386 sunt
652 2322 788 2385 occulta.
812 2319 987 2386 Sciendum
1010 2339 1088 2385 vero
1111 2326 1170 2400 est,
1193 2316 1282 2407 quod
1316 2338 1430 2405 magne

136 2423 242 2508 gratia
264 2430 297 2486 ιι
320 2402 514 2487 beneficium
536 2421 682 2488 divinum
700 2423 812 2501 ιιιιιι,
836 2423 923 2511 quod
943 2422 1070 2488 ancae
1091 2423 1178 2487 iutra
1210 2421 1320 2487 breve
1353 2429 1426 2487 tem·

135 2547 196 2612 pus
226 2524 355 2590 Vienna
376 2527 592 2610 recesserint,
615 2535 648 2595 et
635 2527 757 2592 tdum
792 2525 888 2592 Buda
907 2527 1094 2608 Poscnium,
1117 2522 1237 2591 abinde
1268 2523 1425 2592 Viennam

134 2637 346 2716 properantes
366 2650 426 2717 per
439 2629 626 2697 Danubium
641 2633 888 2719 processissent,
902 2630 1104 2719 stipendiarii
1117 2631 1201 2716 negiu
1190 2629 1424 2697 Posonionses

136 2741 296 2800 tormenta
316 2734 403 2801 infra
423 2736 588 2802 civitatem
622 2744 735 2802 contra
755 2736 830 2803 illos
853 2735 1104 2819 collocaverunt,
1125 2755 1227 2801 naves
1249 2733 1430 2802 Turcarum

135 2850 376 2926 concusserunt,
407 2857 560 2928 magnam
590 2843 717 2930 copiam
749 2842 940 2924 Turonium,
983 2841 1038 2930 qui
1069 2837 1267 2922 inmanibus
1295 2837 1428 2920 fuerant,

135 2943 301 3042 submergi
332 2947 480 3014 iecerunt
511 2955 544 3013 et
576 2946 774 3031 occiderunt,
812 2946 944 3013 tandem
980 2946 1093 3023 ultimo
1116 2952 1283 3012 tormenta
1305 2944 1428 3012 illorum

135 3055 169 3119 in
180 3042 375 3140 profundum
385 3053 531 3121 Danubii
542 3054 785 3139 immerserunt3
799 3053 879 3120 dum
890 3052 1021 3119 tandem
1044 3051 1172 3117 Turoae
1194 3048 1253 3114 elii
1265 3042 1428 3115 Viennam

134 3159 370 3246 pervenissent,
403 3167 562 3224 tormenta
582 3179 641 3245 pro
663 3157 881 3247 oppugnanda
902 3158 1033 3223 civitate
1054 3178 1121 3222 non
1141 3153 1340 3237 habuerunt,
1358 3150 1427 3219 inde

136 3287 241 3353 neque
271 3263 389 3331 damna
416 3263 519 3330 multa
550 3263 674 3343 civitati
705 3263 825 3328 inferre
853 3270 1035 3350 potuerunt,
1068 3270 1164 3348 atque
1195 3257 1280 3324 adeo
1315 3256 1425 3326 bellum

137 3370 285 3437 cessavit.
330 3368 367 3434 si
388 3391 466 3451 ¹uero
497 3368 559 3434 hoe
579 3367 699 3434 factum
721 3389 787 3433 non
808 3367 933 3450 suisset,
956 3365 1130 3433 difficulter
1167 3362 1278 3432 adhuc
1311 3363 1425 3433 bellum

136 3477 264 3543 finitum
285 3473 409 3540 fuisset.

672 3645 819 3714 CAPUT
841 3646 894 3715 32.

136 3846 200 3908 Ubi
221 3845 347 3906 reie'rtur
368 3862 528 3906 consensus
551 3865 606 3925 pro
626 3845 825 3906 transactione
859 3842 938 3907 Suae
959 3845 1074 3924 Regiae
1086 3842 1269 3922 Majestatis
1295 3844 1336 3904 ad
1357 3841 1421 3924 peti·

133 3933 250 3993 tionem
271 3932 527 3994 administratoris
550 3942 580 3994 et
601 3933 802 4012 Pragensium
824 3952 892 3995 cum
913 3935 1050 3994 exulibus
1073 3950 1180 4010 nempe
1200 3949 1270 3990 cnm
1306 3933 1421 3992 Hlawsa

139 4019 335 4099 et'magistro
356 4020 531 4082 Wenceslao
552 4021 694 4095 Daniele;
716 4023 820 4082 exules
843 4022 934 4082 etiam
956 4021 1036 4099 quod
1057 4039 1113 4080 sna
1134 4019 1316 4098 gravamina
1330 4036 1421 4080 coram

140 4107 203 4167 illis
238 4107 450 4169 mediatoribus
479 4108 712 4181 insinuaverint,
748 4105 839 4168 simul
874 4118 905 4168 et
936 4105 1022 4186 Zyka
1057 4107 1138 4169 lanio
1165 4123 1240 4165 curn
1261 4109 1356 4168 turbe
1378 4124 1423 4165 sna

138 4194 258 4254 illarum
279 4213 471 4273 personarum
504 4215 593 4257 onera
620 4196 727 4269 refert3
756 4197 875 4255 tandem
907 4191 976 4256 illos
1009 4214 1064 4272 pro
1094 4193 1179 4255 bonis
1201 4193 1377 4255 hominibus
1401 4198 1423 4248 st

140 4282 218 4361 qnod
249 4282 362 4341 nullum
384 4285 494 4343 malum
516 4285 553 4343 de
575 4282 635 4344 illis
657 4282 719 4342 dici
738 4282 846 4361 possit,
878 4301 978 4342 eoram
1000 4281 1136 4343 ommbus
1166 4265 1315 4358 divulgat.
1367 4280 1422 4340 Rex

315 4371 436 4430 tandem
457 4379 592 4432 senatum
613 4373 745 4444 renovat,
775 4377 804 4429 et
827 4369 932 4430 exules
954 4371 1043 4429 fidem
1063 4369 1251 4447 profitentur.

224 4519 371 4586 Tandem
404 4529 550 4609 tempore
588 4522 744 4589 festorum
776 4519 1002 4588 Natalitiorum
1036 4521 1123 4588 circa
1156 4540 1281 4586 novum
1316 4536 1425 4586 annum

139 4646 225 4691 anno
250 4627 321 4715 jam
359 4625 444 4691 1530
466 4628 597 4715 scripsit
617 4649 678 4693 rex
699 4625 1052 4718 Vetere-Pragensibus
1090 4647 1133 4693 ex
1166 4625 1311 4691 comitiis
1344 4619 1424 4691 Bud·
1461 4658 1466 4793 Ι

133 4727 334 4820 ricensibus,
358 4751 442 4823 quae
464 4739 543 4804 tunc
563 4730 688 4803 ibidem
703 4731 816 4803 habita
829 4739 862 4801 et
883 4731 1046 4804 celebrata
1064 4730 1206 4817 namt,
1238 4746 1426 4799 consensum
1462 4806 1466 4813 ,
