2948 5040
1309 149 1377 222 285

80 322 136 404 rit,
165 326 203 386 ut
235 320 307 409 ejus
333 320 497 409 justitiam
528 317 745 402 administret,
777 315 1048 407 impedimentum
1075 323 1185 387 tarum
1214 321 1379 410 quoddam

79 424 190 492 adhue
212 425 334 494 diutius
354 447 425 492 rem
444 423 660 513 prolongavit,
683 424 760 511 quia
773 422 943 512 hucusque
961 444 1028 491 non
1049 423 1112 492 fuit
1132 427 1164 492 ei
1183 436 1296 493 notum
1314 428 1382 494 ini··

79 532 163 598 tium
186 539 218 596 et
241 529 338 596 radix
358 549 439 597 vera
460 529 557 618 hujus
580 525 718 594 dissidii
1381 572 1384 578 ·

168 635 326 718 Quamvis
349 635 435 700 enim
456 633 605 699 notitiam
639 639 762 698 sertam
797 638 831 696 et
852 629 1037 698 evidentem
1069 630 1112 698 de
1134 633 1185 700 his
1218 634 1384 722 habuerit,

83 749 117 807 et
136 739 222 807 bene
243 741 423 826 agnoverit,
458 737 544 826 quod
574 737 696 825 injuria
726 757 847 822 magna
878 736 936 803 fiat
968 735 1129 821 exulibus,
1162 739 1238 827 quia
1269 749 1379 808 tamen

81 853 195 912 contra
216 844 298 910 haec
319 843 361 910 ab
383 842 526 909 inimicis
549 840 689 909 subinde
710 839 959 908 notabilioribus
990 840 1176 908 informatio
1197 843 1283 911 falsa
1304 867 1379 912 sae-

80 952 156 1039 pius
178 949 219 1016 ad
243 971 326 1015 eum
339 947 481 1031 devenit,
506 943 790 1035 quodPragensas
813 944 1027 1011 solutionibus
1048 948 1177 1034 magnis
1193 959 1378 1036 causarunt,

83 1055 162 1120 hinc
183 1052 233 1118 illi
255 1052 368 1120 exules
391 1051 484 1139 quasi
505 1051 590 1116 inter
611 1048 729 1115 fluctus
751 1048 976 1117 versabantur.
1008 1049 1085 1117 Una
1113 1054 1201 1119 enim
1221 1056 1295 1122 viee
1315 1078 1378 1123 rex

87 1154 166 1247 erga
189 1158 263 1224 illos
286 1180 321 1223 se
343 1156 505 1244 benignus
539 1153 688 1223 exhibuit
720 1162 754 1220 et
781 1151 924 1220 inbono
954 1157 1163 1242 assecuravit,
1197 1159 1380 1249 exindeque

85 1286 161 1353 spes
184 1261 370 1348 affulgebat,
404 1262 491 1350 quod
511 1260 609 1350 paulo
630 1267 705 1349 post
737 1259 880 1346 gratiosa
911 1259 1055 1347 provisio
1088 1280 1198 1327 eorum
1231 1273 1381 1331 secutura

88 1371 139 1436 sit.
183 1367 297 1433 Altera
317 1389 395 1434 vero
418 1367 532 1432 vicee
568 1365 730 1432 contrario
759 1386 820 1458 per
849 1364 997 1430 homines
1030 1385 1202 1452 perversos
1235 1378 1268 1435 et
1302 1369 1380 1436 mali

84 1460 287 1562 promotords
309 1472 418 1538 omnia
438 1471 608 1536 immutata
628 1468 758 1535 fueram
790 1469 878 1540 etin
900 1466 1037 1534 nihilum
1050 1489 1216 1569 converse,
1239 1472 1380 1563 ideoque

81 1584 217 1666 propter
238 1576 336 1642 talem
364 1573 614 1641 inconstantiam
646 1572 766 1639 mentis
800 1573 911 1659 regiae
942 1571 1005 1638 hoc
1034 1572 1106 1640 fieri
1140 1575 1260 1656 debuit.
1294 1579 1381 1668 quod

85 1680 150 1746 hae
173 1679 353 1744 discerdiae
374 1676 537 1744 adfinem
558 1677 746 1765 parvenire
761 1685 829 1742 n‘on
844 1676 1024 1763 potueriat,
1057 1676 1165 1746 donee
1183 1684 1304 1749 veritas
1325 1686 1378 1751 in-

78 1783 214 1873 juriam,
236 1782 408 1850 mendacia
420 1790 453 1847 et
472 1781 631 1848 falsitates
652 1780 796 1848 vicisset.
826 1778 972 1862 Quilibet
989 1782 1076 1847 enim
1097 1785 1241 1871 prudens
1263 1810 1379 1876 agnos·

82 1909 160 1956 cere
182 1889 295 1976 potuit,
317 1888 345 1952 si
366 1887 525 1975 imprimis
547 1885 705 1952 auxilium
728 1883 875 1951 divinum
897 1905 964 1951 uon
993 1889 1215 1976 succurrisset,
1248 1892 1380 1960 tandem

80 1991 225 2079 diligens
262 1990 452 2059 allaboratio
496 1989 620 2057 domiui
655 1989 792 2056 Joannis
824 1988 978 2055 Hlawsae
999 1996 1231 2084 suprascripti,
1267 1996 1380 2065 ultimo

81 2097 183 2164 etiam
205 2097 334 2163 sincera
355 2104 387 2162 et
419 2094 572 2162 cordialis
606 2093 799 2183 compassio,
833 2102 866 2158 et
899 2094 1027 2160 sincera
1058 2100 1241 2166 constantia
1268 2110 1380 2168 eontra

81 2201 184 2268 talem
203 2202 396 2290 injustitiam
417 2198 628 2266 illustrissimi
657 2197 782 2264 domini
803 2196 926 2265 domini
947 2200 1068 2268 Adami
1100 2179 1142 2269 dh
1162 2201 1304 2290 Hradee,
1328 2228 1378 2272 su-

84 2305 191 2394 premi
213 2304 400 2371 cancellarii
422 2305 516 2392 regni
538 2301 726 2387 Bohemiae,
753 2301 841 2390 apud
862 2325 975 2391 regem
995 2306 1218 2394 frequentibus
1252 2317 1285 2375 et
1306 2332 1380 2399 sup·

84 2408 224 2496 plicibus
246 2408 534 2475 intercessionibus
564 2429 630 2474 non
663 2407 903 2491 intervenisset,
939 2407 1095 2476 simulac
1117 2411 1251 2480 iteratae
1273 2414 1379 2502 petiti-

88 2533 164 2579 ones
187 2514 258 2601 ejus
281 2513 404 2580 domini
425 2512 589 2596 Hlausae,
624 2522 657 2578 et
678 2511 875 2600 praecipuae
908 2514 1041 2600 gratiae,
1076 2538 1156 2604 quas
1178 2516 1219 2583 ad
1242 2518 1380 2585 eundem

85 2617 237 2683 dominus
260 2617 472 2684 cancellarius
496 2616 640 2699 fovebat,
663 2637 730 2682 non
751 2613 899 2701 furissmt,
921 2617 1096 2685 difficulter
1117 2619 1152 2686 hi
1167 2642 1279 2688 omnes
1302 2645 1379 2690 exu-

83 2721 135 2788 les
157 2731 191 2788 et
213 2723 270 2789 alii
292 2745 424 2813 sperare
446 2707 637 2812 potuissent,
671 2729 707 2787 ut
729 2719 772 2787 ad
795 2719 880 2787 hanc
903 2725 1199 2812 compensationem
1233 2735 1265 2792 et
1285 2729 1378 2794 resti·

82 2827 242 2894 tutionem
263 2828 421 2895 bonorum
443 2829 646 2917 perveniant.
686 2822 747 2891 1110
778 2817 866 2890 enim
887 2825 1037 2894 dominus
1059 2827 1178 2915 dignus
1208 2839 1258 2896 est
1279 2831 1376 2898 laude

84 2952 162 2997 cum
183 2931 379 2999 haeredibus
402 2933 469 2998 suis
491 2933 526 2997 in
547 2931 655 2998 futura
676 2939 832 3016 tempora,
864 2940 997 3018 propter
1018 2954 1109 2998 suam
1139 2934 1318 3001 ferventem
1348 2945 1381 3004 01

83 3043 290 3101 constantem
308 3037 469 3124 justitiam
492 3056 570 3121 erga
591 3056 752 3124 pauperes
775 3045 809 3102 et
829 3035 978 3102 afflictos.
1003 3035 1069 3102 Ubi
1091 3046 1199 3104 tamen
1221 3039 1381 3114 aliimulti

82 3161 237 3228 proceres
275 3151 308 3206 et
329 3143 488 3229 equestris
511 3151 613 3208 010100
635 3144 709 3226 viri,
739 3142 816 3209 licet
837 3143 879 3210 ab
902 3140 993 3207 initio
1022 3140 1088 3207 illis
1121 3143 1271 3211 exulibus
1294 3167 1380 3213 eom·

84 3244 177 3331 passi
198 3243 319 3310 fuerint
341 3255 474 3334 propter
494 3247 646 3335 injuriam
669 3248 716 3312 eis
738 3246 873 3331 illatam,
896 3247 952 3313 diu
967 3256 1076 3315 tamen
1098 3251 1134 3315 in
1156 3246 1218 3314 hae
1234 3260 1379 3338 eompas-

85 3349 180 3413 sione
200 3371 267 3416 non
288 3362 547 3438 perseverarunt,
583 3361 615 3417 et
637 3350 769 3440 quidem
801 3354 933 3418 nonnisi
967 3352 1104 3421 durante
1125 3357 1229 3443 primo
1251 3358 1380 3426 fervore

86 3456 334 3541 compassionis,
358 3464 390 3521 et
412 3455 488 3522 dum
510 3456 564 3522 hic
584 3456 670 3546 apud
692 3456 825 3523 eosdem
847 3466 1008 3523 cessasset
1040 3467 1074 3524 et
1095 3462 1288 3546 evanuisset,
1312 3468 1381 3530 om·

84 3558 176 3623 nium
199 3557 291 3624 obliti
312 3545 450 3643 fuerunt,
484 3569 580 3648 prout
613 3561 701 3649 apud
729 3563 919 3648 pincernam
959 3562 1046 3648 regis
1068 3561 1243 3652 Egyptiaci
1263 3566 1383 3658 Phara·

86 3663 160 3726 onis
182 3664 326 3750 contigit,
350 3667 405 3753 qui
426 3665 520 3731 brevi
540 3665 676 3753 Josephi
700 3667 815 3731 somnii
838 3664 1053 3731 declaratoris
1069 3667 1188 3735 oblitus
1209 3671 1276 3739 fuit.
1307 3671 1381 3739 Oui·

88 3764 172 3831 libet
192 3768 279 3832 enim
308 3777 420 3834 notum
450 3778 508 3853 est,
542 3769 576 3836 id
610 3771 740 3860 saepius
774 3771 972 3858 contingere,
1010 3770 1096 3858 quod
1118 3773 1211 3839 Deus
1243 3776 1382 3843 subinde

85 3869 272 3936 hominibus
305 3873 533 3940 innocentibus
567 3884 598 3939 et
625 3876 724 3963 justis
755 3877 914 3942 rationem
933 3885 980 3940 .et
1002 3875 1211 3943 'intellectum
1249 3880 1382 3960 adimat,

88 3995 210 4061 eosque
232 3983 343 4059 tentet,
365 3975 496 4065 illisque
520 4000 593 4042 eum
615 3978 747 4060 tribuat,
782 3982 838 4068 qui
859 4003 880 4046 a
901 3979 987 4046 bono
1010 3981 1210 4069 recedentes,
1232 3982 1276 4049 ad
1296 3986 1383 4052 mala

87 4079 252 4167 proclives
273 4081 364 4146 fiunt.
407 4083 452 4148 Et
474 4084 556 4149 sicut
584 4107 650 4150 non
682 4106 725 4150 ex
746 4085 922 4170 hominum,
955 4085 1013 4150 scd
1035 4085 1099 4152 Dei
1122 4087 1288 4155 voluntate
1320 4090 1383 4159 100

87 4205 141 4248 000
163 4185 210 4248 ita
232 4185 474 4271 ordinabantur,
508 4187 594 4274 quod
617 4211 699 4254 unus
721 4191 755 4254 in
778 4189 915 4256 alterum
937 4199 1131 4278 potestatem
1154 4192 1316 4279 exhibeat,
1340 4219 1383 4264 ex

89 4285 290 4353 admissione
310 4290 375 4355 Dei
397 4301 530 4381 propter
552 4292 729 4359 eorundem
749 4303 894 4382 peccata,
928 4305 964 4359 ut
993 4294 1076 4361 haee
1098 4295 1163 4362 illis
1185 4297 1228 4364 ad
1250 4299 1383 4388 perditi·

89 4413 196 4472 onem,
219 4391 270 4457 his
294 4416 371 4460 vero
394 4395 437 4462 ad
459 4396 713 4463 consolationem
736 4397 876 4464 futuram
900 4400 1053 4483 serviant,
1077 4400 1122 4465 ita
1144 4401 1241 4467 etiam
1262 4405 1384 4490 pariter

89 4495 163 4560 Deo
186 4496 362 4584 adjuvante
383 4522 443 4587 per
464 4501 668 4588 diligentiam
701 4511 734 4568 et
755 4511 904 4569 conatum
927 4504 1055 4592 piorum
1075 4503 1254 4592 hominum,
1278 4517 1310 4574 et
1324 4532 1383 4598 per

90 4600 236 4667 remedia
258 4601 369 4668 debita
391 4603 472 4670 haec
487 4607 645 4673 omnia'in
667 4604 933 4693 tranquillitatem
954 4606 1097 4676 debitam
1120 4632 1278 4678 conversa
1299 4622 1382 4682 sunt.

91 4702 285 4774 Innocentes
308 4708 404 4775 etiam
427 4710 505 4778 talia
537 4710 742 4781 incommoda
775 4712 978 4799 sustimntes,
1014 4712 1049 4780 in
1070 4714 1256 4783 innocentia
1287 4719 1384 4784 auxi-
