2948 5040
142 172 185 261 ii

135 339 248 406 literas
270 337 515 426 improbabiles,
540 335 666 418 saltum,
690 356 787 422 quern
820 337 1022 423 inceperunt,
1055 335 1235 422 aequaliter
1265 338 1432 403 continua-

135 452 221 527 runt,
243 464 347 531 usque
369 441 445 507 dum
470 462 507 506 eo
529 463 583 504 res
617 439 814 521 devenisset,
848 438 935 525 quod
967 446 1043 504 ante
1072 438 1159 504 diem
1183 439 1218 504 S.
1241 438 1431 506 Wenoeslai

132 549 211 614 anni
234 547 328 630 1524,
352 544 514 634 quendam
535 543 767 610 Wenceslaum
790 541 1039 608 baccalaureum
1063 543 1104 608 ab
1124 542 1210 608 Albo
1232 542 1349 610 Leone
1371 544 1431 608 Bu·

132 650 208 719 dam
229 651 271 717 ad
293 672 405 737 regem
426 639 644 737 personaliter
667 647 905 734 ablegaverint,
929 657 964 713 ut
977 647 1102 713 ibidem
1123 669 1231 713 coram
1247 669 1329 734 rege
1343 659 1427 734 agat,

77 809 81 819 ,
130 763 169 821 ut
189 777 307 842 nempe
328 776 389 819 rex
411 754 453 819 ad
474 753 738 817 informationem
773 750 857 816 hanc
890 773 1001 816 eorum
1031 751 1195 838 injustam,
1218 752 1432 838 propositum,

133 858 221 947 quod
237 859 307 946 jam
330 858 388 923 diu
409 858 519 921 animo
542 866 668 943 gerunt,
692 854 870 938 confirmet,
896 864 929 920 et
951 856 1103 921 concives
1127 876 1214 939 suos,
1232 876 1318 942 quos
1341 854 1433 920 Pieli·

130 962 240 1028 hartas
262 961 480 1043 nominarunt,
505 958 619 1025 saltem
644 944 686 1023 ex
709 959 840 1024 civitate
862 981 1015 1024 amovere
1037 967 1182 1047 possent,
1212 980 1279 1024 non
1302 957 1427 1025 haben-

130 1074 181 1131 tes
203 1074 311 1130 tamen
333 1064 376 1129 ad
399 1084 453 1129 eos
471 1065 579 1152 justas
614 1073 646 1128 et
678 1062 857 1148 condignas
890 1085 1014 1128 causas.
1057 1061 1119 1128 Illo
1153 1063 1251 1127 etiam
1281 1069 1431 1150 tempore

133 1170 286 1258 princeps
311 1167 448 1234 Carolus
486 1169 685 1254 capitaneus,
711 1175 743 1232 et
777 1165 908 1254 quidam
942 1166 1066 1232 domini
1098 1165 1235 1231 Bohemi
1269 1167 1371 1231 etiam
1395 1189 1429 1231 eo

136 1273 349 1356 advenerunt,
383 1271 571 1358 ibidemque
608 1271 675 1337 fere
709 1293 811 1358 usque
841 1271 884 1336 ad
915 1269 1125 1336 festivitatem
1159 1270 1305 1335 omnium
1340 1270 1433 1336 Sano-

136 1388 242 1444 torum
280 1385 536 1464 permanserunt
580 1375 681 1442 Misso
717 1375 778 1441 hoc
811 1377 925 1441 nuntio
948 1375 1130 1462 Pragenses
1165 1397 1295 1462 semper
1331 1376 1432 1460 magis

139 1505 178 1548 ae
199 1481 305 1570 magis
327 1468 527 1547 voluntatem
550 1502 641 1545 suam
665 1489 892 1563 exercuerunt,
916 1489 948 1544 et
969 1479 1013 1545 ad
1034 1478 1297 1545 informationem
1320 1479 1433 1544 falsam

135 1585 186 1652 illi
206 1584 420 1651 baccalaureo
442 1584 484 1651 ab
506 1587 553 1650 eis
577 1585 784 1650 commissam
807 1607 827 1649 a
848 1607 927 1670 rege
956 1584 1099 1650 Domino
1131 1606 1189 1649 suo
1220 1583 1363 1670 petitum
1387 1605 1434 1647 eo·

133 1714 206 1759 rum
228 1688 447 1767 obtinuerunt,
483 1712 556 1756 cum
590 1689 713 1754 auxilio
748 1698 780 1753 et
814 1689 1047 1753 intercessione
1079 1686 1283 1774 quorundam
1307 1708 1437 1752 suorum

135 1797 324 1878 amicorum,
361 1795 504 1860 maxime
538 1803 646 1858 autem
670 1794 817 1881 episcopi
847 1792 1111 1878 Ostregomensis
1135 1789 1323 1856 cancellarii
1348 1791 1438 1855 Hun-

135 1901 255 1986 gariae,
278 1901 343 1987 qui,
367 1899 396 1963 si
418 1898 610 1985 obligationi
634 1920 713 1962 suae
735 1897 840 1962 voluit
862 1896 1061 1979 satisfacere,
1084 1895 1197 1962 debuit
1220 1899 1322 1964 etiam
1344 1898 1438 1964 simul

135 2004 299 2070 suffulcire
323 2003 437 2068 sedem
458 2001 622 2089 papalem,
646 2023 688 2065 ne
711 2010 850 2065 corruat.
895 1998 1039 2086 Ideoque
1069 2009 1101 2063 et
1134 2001 1327 2078 effecerunt,
1352 2002 1437 2089 quod

134 2101 212 2176 tune
234 2100 423 2191 voluerunt3
448 2106 524 2192 quia
546 2105 655 2169 nullus
678 2113 757 2186 erat,
781 2105 837 2191 qui
859 2103 1106 2187 contradiceret,
1120 2112 1152 2168 et
1173 2104 1235 2169 hoe
1257 2103 1347 2189 ideo,
1360 2107 1436 2192 quia

135 2222 210 2301 post
231 2212 494 2277 informationem
518 2231 616 2295 saepe
641 2209 771 2290 dictam,
794 2230 814 2271 a
835 2207 1058 2293 Pragensibus
1079 2210 1150 2294 regi
1173 2206 1340 2286 traditam,
1362 2209 1435 2274 talis

133 2316 244 2383 fervor
265 2315 353 2402 apud
386 2312 508 2377 dictum
546 2333 658 2396 regem
695 2310 809 2375 aderat
839 2321 951 2375 contra
984 2313 1174 2396 sanguinem
1211 2313 1435 2395 innocentem,

135 2420 222 2507 quod
244 2439 395 2483 accessus
419 2416 553 2481 alterius
577 2417 679 2501 partis
703 2414 745 2479 ob
768 2416 994 2500 instigationes
1018 2424 1050 2480 et
1070 2417 1298 2481 accusationes
1316 2418 1434 2483 nimias

134 2522 310 2610 impeditus
343 2519 450 2602 fuerit,
486 2529 518 2584 et
552 2519 660 2584 nullus
697 2540 795 2583 ausus
818 2519 926 2596 fuerit,
950 2542 1144 2609 quocunque
1178 2521 1311 2586 demum
1343 2523 1438 2588 modo

136 2625 224 2714 apud
245 2647 357 2710 regem
391 2623 557 2688 dominum
594 2645 686 2688 suum
710 2645 768 2711 pro
800 2633 892 2710 parte
916 2646 975 2688 sua
1009 2647 1117 2709 agere,
1154 2626 1304 2712 quamvis
1329 2625 1438 2690 literas

61 2795 67 2806 ,
136 2731 245 2796 varias
279 2750 321 2793 ex
352 2726 512 2792 Bohemia
548 2726 705 2809 miserint,
729 2727 811 2791 nihil
846 2737 955 2791 tamen
989 2728 1147 2813 proficere
1168 2739 1358 2815 potuerunt,
1382 2730 1438 2796 sed

136 2832 304 2922 praeteriti
325 2832 359 2893 in
385 2851 495 2895 eorum
517 2831 639 2896 malum
661 2832 800 2896 fuerunt.

220 2936 308 3001 Dum
338 2944 446 3001 autem
479 2935 714 3002 baccalaureus
738 2937 827 3001 circa
850 2935 938 3001 diem
968 2940 1112 3002 omnium
1136 2938 1333 3006 Sanctorum
1355 2941 1436 3008 redi-

137 3044 249 3125 visset,
272 3051 350 3105 tunc
379 3040 593 3104 communitas
627 3040 802 3125 Pragensis
835 3041 888 3105 die
912 3040 1008 3105 lunae
1031 3053 1104 3128 post
1136 3044 1255 3110 festum
1290 3047 1435 3111 omnium

139 3145 334 3212 Sanctorum
355 3142 416 3207 fuit
435 3144 542 3224 citata,
565 3166 628 3209 non
652 3144 749 3209 modo
773 3138 952 3231 antiquitus
977 3156 1141 3230 consueto,
1165 3159 1200 3212 ut
1221 3170 1338 3214 omnes
1360 3173 1434 3238 pau·

137 3272 235 3338 peres
269 3257 301 3312 et
337 3245 455 3310 divites
493 3250 698 3328 conveniant,
732 3247 791 3311 sed
814 3248 1001 3332 selegerunt
1023 3271 1087 3335 eos,
1123 3255 1207 3316 sicut
1236 3275 1331 3340 pyra,
1367 3256 1435 3341 quis

137 3355 261 3434 venire,
284 3346 427 3416 autnon
449 3351 562 3415 venire
586 3348 712 3418 debeat.
759 3350 863 3428 Multi,
896 3352 991 3417 valde
1025 3354 1201 3439 christiani,
1223 3355 1313 3440 boni,
1352 3359 1435 3445 paci·

137 3458 202 3540 fici,
236 3458 323 3544 vitae
355 3455 470 3534 bonae,
506 3455 666 3521 aestimati
702 3469 733 3522 et
755 3457 933 3545 prudentes
964 3460 1070 3524 studio
1093 3461 1260 3547 praeteriti
1295 3460 1434 3540 fuerunt,

139 3583 220 3651 quos
243 3569 411 3648 suspectos
435 3583 547 3626 omnes
570 3563 603 3625 in
637 3562 718 3626 falso
744 3584 851 3627 errore
887 3563 1078 3647 habuerunt,
1113 3564 1202 3628 domi
1223 3563 1434 3652 reliquerunt,

142 3669 225 3732 siout
248 3667 346 3730 etiam
363 3666 434 3751 jam
458 3667 587 3752 saepius
610 3669 643 3730 iu
668 3668 908 3732 communitatis
932 3668 1146 3733 conventibus
1162 3668 1433 3755 praecedentibus

139 3779 296 3855 egerunt3
320 3792 394 3833 nam
412 3771 473 3835 hoc
489 3772 559 3858 jam
583 3780 773 3854 ‹eonsuetum
795 3774 863 3854 fuit,
888 3774 1072 3859 quicunque
1095 3772 1137 3837 ab
1160 3771 1223 3836 alio
1247 3774 1349 3838 etiam
1363 3774 1431 3838 sine

139 3872 330 3962 probatione
365 3873 538 3938 sufficienti
569 3885 738 3939 accusatus
773 3875 842 3958 fuit,
874 3875 958 3962 quod
982 3875 1158 3941 Piekharta
1189 3877 1238 3959 sit,
1265 3878 1340 3963 jam
1363 3898 1433 3943 reus

141 3999 213 4042 esse
236 3976 356 4040 debuit.

227 4078 295 4144 Sed
318 4079 423 4162 crede,
458 4082 544 4167 quod
577 4105 639 4167 nec
662 4086 847 4170 conjuratos
877 4107 989 4148 omnes
1019 4086 1141 4149 rescire
1162 4084 1338 4170 potuerint,
1363 4085 1434 4174 quia

140 4183 390 4250 inveniebantur
426 4206 585 4272 personae
618 4187 702 4251 inter
736 4199 901 4253 senatores
937 4199 969 4252 et
997 4188 1079 4252 alios
1116 4190 1221 4255 officio
1258 4191 1433 4276 praeditos,

141 4291 205 4355 imo
243 4288 361 4353 multos
398 4293 487 4354 cives
522 4299 554 4355 et
587 4291 797 4357 notabiliores
832 4294 927 4381 hujus
963 4297 1113 4375 civitatis,
1137 4295 1192 4383 qui
1213 4316 1330 4382 aeque,
1355 4297 1434 4361 sicut

141 4394 207 4477 alii,
230 4392 317 4481 apud
340 4392 476 4457 clericos
498 4392 580 4458 tales
603 4417 752 4480 egressos
776 4418 847 4460 esse
871 4397 1027 4481 solebant,
1052 4422 1132 4487 quos
1150 4408 1263 4486 ,tamen
1297 4400 1334 4463 in
1356 4420 1434 4487 pace

139 4498 348 4586 reliquerunt,
373 4496 448 4582 quia
470 4496 551 4561 alias
573 4501 669 4586 pauci
680 4500 805 4586 Pragae
828 4503 1032 4587 mansissent,
1056 4505 1112 4592 qui
1134 4504 1167 4566 in
1191 4502 1252 4593 hac
1272 4512 1369 4590 parte
1390 4501 1435 4568 rei

140 4601 266 4669 inventi
288 4601 436 4665 fuissent.
480 4601 568 4665 Dum
592 4624 668 4688 ergo
693 4605 737 4671 ita
758 4606 807 4670 illi
830 4605 905 4670 boni
929 4607 1042 4673 selecti
1064 4607 1190 4673 incolae
1206 4607 1241 4672 in
1254 4602 1433 4674 communi·

137 4715 206 4807 tate
230 4713 262 4770 et
284 4704 374 4770 curia
396 4715 628 4789 convenerunt,
652 4716 728 4773 tunc
740 4709 795 4774 ille
808 4708 1049 4795 baccalaureus,
1073 4712 1106 4777 in
1125 4711 1241 4798 logica,
1265 4712 1434 4801 amphibo-
