2948 5040
138 186 181 258 12

143 371 338 463 quibusdam
372 397 484 445 eorum
518 377 676 465 dominis,
709 376 813 469 spolia
843 376 931 466 inde,
962 396 1080 466 nempe
1099 378 1219 459 restes,
1247 370 1432 461 pecuniam,

139 476 289 546 clenodia
310 483 412 567 varia,
435 491 532 572 atque
553 504 606 553 res
628 481 710 549 alias
725 483 918 570 auferentes,
941 483 977 549 in
993 503 1058 573 quo
1073 476 1190 569 grandi
1201 478 1325 566 impetu
1339 498 1428 544 cam-

127 590 239 668 -pa'nas
273 585 308 650 in
343 586 522 676 parochiali
555 587 693 654 ecclesia
724 587 905 676 pulsarunt.
959 587 1047 652 Hinc
1078 582 1207 666 accidit,
1249 580 1336 670 quod
1366 604 1429 648 rex

137 684 236 752 etiam
258 709 301 756 ex
322 712 398 758 arce
418 693 634 782 prospexerit,
656 692 714 760 ubi
739 693 820 759 civis
854 674 1131 781 parvo-partensis
1159 688 1291 754 nomine
1319 685 1428 754 Kra-

135 791 308 859 teczha
328 796 364 861 in
384 796 434 863 his
453 797 659 863 turbulentiis
681 796 791 864 audax
811 797 908 864 valde
929 797 1056 863 facinus
1078 792 1259 875 attentavit,
1282 800 1315 856 et
1334 789 1428 856 bom·

136 891 272 962 bardam
288 920 380 965 suam
400 923 515 968 versus
531 923 605 967 eum
627 900 734 967 locum
757 901 907 990 explosit,
929 900 986 967 ubi
1008 922 1070 966 rex
1089 902 1323 987 prospexerat3
1357 895 1430 962 nul·

135 995 203 1064 lum
236 998 377 1091 denique
410 1002 474 1071 hoc
505 1007 539 1072 in
574 1007 713 1072 tumultu
746 1005 972 1073 aestimabant.
1018 1003 1084 1070 Sed
1114 1011 1188 1091 post
1208 1021 1330 1089 pancos
1353 999 1426 1065 dies

133 1101 240 1171 malus
262 1107 397 1174 effectus
419 1108 539 1176 exinde
562 1119 691 1176 secutus
713 1111 790 1197 fuit3
826 1133 904 1176 nam
938 1109 1015 1175 dum
1049 1107 1136 1172 facta
1163 1106 1247 1171 haec
1267 1125 1424 1192 perversa

128 1208 208 1294 regi
230 1218 263 1275 et
284 1212 477 1278 consiliariis
500 1213 647 1302 ejusdem
673 1215 781 1281 delata
809 1215 956 1298 fuissent,
985 1211 1154 1278 mandavit
1183 1209 1341 1299 quosdam
1375 1208 1429 1274 ds·

142 1313 296 1400 capiteri3
320 1315 478 1402 quosdam
499 1319 534 1383 in
558 1327 695 1406 quatuor
717 1319 872 1386 dissecari
893 1326 1012 1407 partes,
1036 1326 1069 1384 et
1089 1323 1198 1404 partes
1220 1315 1280 1381 has
1294 1315 1330 1380 in
1352 1334 1428 1401 por·

139 1417 181 1481 tis
203 1416 540 1508 MicroPragensibus
563 1423 729 1511 suspendi,
763 1423 844 1489 alios
879 1424 1049 1507 excoriari,
1080 1423 1270 1508 intorques
1293 1416 1427 1507 quidam

138 1517 181 1584 de
221 1515 335 1589 senatu
370 1524 644 1613 Mimo-Pragensi
676 1527 747 1611 fuit,
769 1528 901 1593 nomine
921 1526 1064 1593 Mathias
1084 1523 1313 1607 Rneznik,
1348 1523 1429 1591 alios

136 1631 243 1690 autem
258 1628 366 1695 minus
380 1650 455 1696 reos
471 1632 596 1698 curavit
609 1632 764 1719 torqueri,
784 1631 865 1698 alios
888 1639 996 1697 autem
1017 1628 1115 1715 longo
1137 1636 1284 1716 tempore
1305 1629 1341 1694 in
1361 1651 1428 1695 car·

135 1748 211 1795 cere
232 1730 381 1800 detineri.
423 1735 491 1801 Alii
512 1758 591 1803 vero
613 1737 672 1802 has
695 1757 817 1825 poenas
850 1738 1011 1818 timentes,
1035 1733 1235 1800 conscientia
1257 1754 1312 1797 eos
1335 1755 1429 1820 argu·

126 1827 219 1918 -ente,
243 1856 262 1901 e
284 1837 418 1906 civitate
450 1839 679 1925 discesserunt,
712 1839 792 1906 alibi
814 1848 1063 1922 commorantes,
1085 1838 1191 1903 donec
1211 1835 1315 1903 nubes
1348 1836 1424 1903 illae

133 1936 298 2006 vindictae
322 1943 432 2029 regiae
453 1945 692 2014 transivissent.
724 1945 817 2011 Haec
839 1955 888 2011 est
911 1943 1073 2031 gratitudo
1096 1941 1207 2032 populi
1233 1941 1426 2027 Pragensis!

134 2038 212 2109 dum
241 2043 406 2114 dominum
439 2046 562 2115 habent
590 2049 780 2137 benignum,
810 2049 853 2116 ad
876 2048 1054 2115 vindictam
1075 2071 1142 2114 non
1164 2046 1314 2128 celerem,
1343 2044 1428 2134 quod

133 2168 217 2215 unus
239 2148 333 2216 alteri
357 2151 490 2218 subesse
519 2153 610 2238 nolit,
640 2176 703 2219 nec
732 2155 841 2220 Deum
863 2155 987 2237 timere,
1017 2166 1089 2218 nec'
1100 2152 1258 2240 pudorem
1279 2148 1427 2233 induere,

134 2252 242 2319 minus
265 2253 443 2321 honestatis
465 2278 544 2322 suae
555 2257 720 2324 recordari
741 2258 854 2325 velint.
879 2255 946 2322 Sed
968 2279 1034 2322 non
1055 2264 1181 2321 tantum
1202 2256 1236 2320 in
1252 2255 1315 2319 hoc
1339 2276 1426 2337 casu,

128 2357 226 2446 juxta
257 2359 465 2446 proverbium
497 2361 597 2429 illud:
631 2362 718 2429 Dato
749 2385 814 2429 uno
836 2361 1082 2427 inconvenienti
1116 2366 1294 2446 sequuntur
1315 2358 1426 2446 pluras

130 2461 193 2528 ¹sed
220 2470 253 2527 et
273 2464 308 2529 iu
330 2464 423 2530 tertio
454 2464 524 2553 (qui
545 2465 639 2532 brevi
660 2469 696 2532 in
718 2467 780 2533 hoc
801 2467 884 2533 libro
908 2463 1102 2553 exponetur)
1133 2463 1271 2552 quilibet
1293 2484 1426 2549 coguos-

134 2586 208 2632 cere
230 2569 358 2654 poterit,
392 2570 499 2635 sintne
533 2570 614 2636 tales
648 2571 744 2638 laude
778 2571 881 2657 digni,
917 2571 973 2657 qui
1009 2568 1129 2635 similia
1151 2575 1260 2655 agunt,
1293 2588 1427 2632 necne.

133 2670 308 2759 Postquam
344 2692 421 2758 ergo
455 2675 537 2740 haec
569 2677 679 2741 omnia
700 2675 873 2741 terminata
893 2672 1042 2757 fuissent,
1075 2695 1137 2738 rex
1166 2672 1257 2736 finito
1281 2680 1425 2758 tempore

133 2774 230 2863 hujus
252 2777 330 2843 anni
352 2778 387 2842 in
408 2777 614 2866 Hungariam
643 2803 717 2846 cum
737 2780 814 2846 filiis
838 2779 905 2844 suis
934 2778 1043 2843 redire
1066 2778 1244 2843 constituit.
1279 2775 1427 2842 Tandem

133 2899 219 2946 anno
244 2880 332 2948 1515-
351 2891 497 2971 tempore
518 2885 593 2951 festi
625 2893 757 2951 sanctae
779 2884 904 2949 Mariae
927 2882 1144 2969 Magdalenae
1167 2889 1345 2948 conventus
1368 2880 1428 2945 fuit

132 2984 287 3051 notabilis
309 2987 456 3054 Viennae
478 2992 681 3072 constitutus,
712 2989 918 3077 imperatoris
939 3010 1057 3075 nempe
1078 2986 1304 3068 Maximiliani,
1328 2984 1428 3071 Sigis-

132 3089 246 3155 mundi
268 3093 356 3180 regis
377 3093 534 3161 Poloniae
555 3095 665 3161 fratris
688 3095 776 3180 regis
798 3091 983 3177 wladislai,
1014 3091 1186 3160 Wladislai
1219 3090 1307 3175 regis
1337 3089 1429 3154 Hun-

133 3194 245 3282 geriae
267 3204 299 3261 et
320 3196 498 3265 Bohemiae
521 3223 594 3266 cum
617 3197 814 3264 haeredibus
838 3197 985 3286 ejusdem
1007 3197 1049 3263 ad
1070 3193 1274 3262 tractandam
1297 3203 1329 3260 et
1351 3216 1429 3260 con·

132 3299 330 3367 firmandam
362 3326 477 3390 pacem
511 3313 543 3371 et
575 3304 753 3369 amicitiam
787 3324 899 3369 veram
933 3311 966 3368 et
997 3310 1188 3389 perpetuam
1210 3303 1294 3366 inter
1317 3319 1375 3363 eos
1398 3307 1430 3362 et

134 3424 246 3470 eorum
280 3405 437 3473 subditos.
482 3408 575 3473 Tunc
608 3405 737 3471 demum
760 3406 892 3472 ducissa
914 3405 1020 3489 Anna,
1044 3404 1112 3470 filia
1133 3406 1222 3490 regis
1245 3401 1426 3468 Bohemiae

134 3507 317 3594 Wladislai,
341 3533 414 3577 cum
437 3510 520 3576 duce
541 3509 750 3575 Fordinaudo
771 3511 975 3599 imperatoris
1003 3523 1122 3597 nepote
1144 3507 1213 3596 (qui
1236 3506 1348 3573 adhuc
1371 3528 1430 3594 pro

136 3611 199 3678 hoc
232 3622 316 3680 statu
346 3615 481 3703 juvenis
514 3613 611 3679 valde
632 3614 750 3702 fuerat)
775 3623 808 3680 et
828 3637 888 3679 rex
908 3612 1107 3696 Ludovicus,
1141 3613 1229 3698 regis
1250 3609 1427 3678 Wladislai

135 3716 231 3802 filius,
260 3721 383 3808 pariter
414 3739 487 3784 cum
514 3726 612 3805 nepte
641 3719 846 3806 imperatoris
868 3717 972 3783 Maria
994 3716 1091 3799 dicta,
1114 3723 1233 3781 statum
1265 3714 1429 3779 matrimo-

132 3821 255 3887 nialem
278 3823 431 3904 inierunt,
459 3829 492 3886 et
513 3821 655 3908 copulati
677 3834 761 3902 sunt,
783 3823 860 3890 inde
882 3822 960 3888 dein
982 3820 1112 3887 ducissa
1133 3820 1240 3904 Anna,
1270 3828 1306 3886 ut
1326 3820 1430 3909 impe·

134 3927 238 3992 natrix
261 3925 306 4015 (l)
331 3933 485 3991 coronata
510 3925 579 3991 fuit.
613 3926 759 3993 Tandem
781 3950 842 3993 rex
861 3926 1061 3994 Wladislaus
1083 3947 1234 3991 reversus
1266 3926 1302 3989 in
1335 3923 1429 3989 Hun-

137 4033 262 4117 gariam
293 4036 438 4095 mortuus
472 4039 521 4096 est
551 4031 665 4098 Budae
686 4055 772 4099 anno
804 4032 888 4099 1516
923 4031 977 4097 die
1008 4030 1102 4096 Jovie
1124 4038 1200 4094 ante
1228 4028 1424 4095 dominicam

134 4134 324 4222 palmarum,
345 4133 453 4220 itaque
475 4134 516 4200 ab
538 4136 631 4201 initio
653 4137 812 4204 adventus
835 4136 991 4224 ejusdem,
1015 4142 1048 4200 et
1068 4134 1204 4200 sermea
1219 4133 1428 4220 susceptione

135 4239 232 4324 regni
253 4235 430 4302 Bohemiae
460 4262 563 4328 usque
596 4240 638 4306 ad
668 4249 804 4307 mortem
826 4240 913 4306 illius
942 4249 1153 4305 numerantur
1185 4239 1263 4303 anni
1285 4237 1420 4325 quadra·

135 4342 227 4429 ginta
258 4347 411 4428 quatuor,
449 4353 482 4410 et
513 4346 688 4424 dimidius,
724 4367 764 4411 ac
797 4345 918 4411 mensis
952 4367 1045 4411 unus.
1089 4343 1155 4410 Sed
1178 4342 1423 4431 gubernationis

136 4445 231 4531 regni
253 4443 442 4534 Hungariae
465 4451 542 4516 anni
564 4450 694 4516 fuerunt
714 4449 832 4536 viginti
856 4450 998 4538 quinque
1020 4457 1051 4514 et
1072 4456 1138 4515 tres
1159 4470 1299 4514 menses.
1330 4447 1425 4531 Quae

135 4559 244 4619 autem
270 4552 326 4618 illo
348 4561 505 4640 regnante
527 4553 577 4618 his
601 4552 750 4619 omnibus
772 4553 867 4619 annis
889 4553 924 4617 in
946 4575 1048 4641 regno
1070 4551 1248 4619 Bohemiae
1282 4560 1315 4618 et
1335 4552 1428 4620 Hun-

141 4661 249 4743 gariae
270 4657 476 4743 contigerint,
499 4657 553 4722 hic
565 4659 721 4742 omittam,
745 4659 821 4747 quia
843 4658 947 4724 solum
969 4660 1105 4726 intentio
1127 4679 1201 4723 mea
1224 4657 1427 4725 estscribere

132 4780 181 4843 aa,
208 4769 384 4850 quaepost
401 4767 542 4834 mortem
556 4761 704 4854 ejusdem
717 4762 908 4852 bassum
931 4763 1029 4839 credo
1052 4764 1148 4848 euim,
1171 4761 1258 4853 quod
1280 4760 1432 4837 homines
