2948 5040
1302 171 1367 242 2¹18

68 313 157 381 filius
177 338 238 405 pro
257 327 352 408 patre
373 345 513 412 poenam
546 329 706 397 sustinere
726 340 861 402 tenetur.
903 335 988 403 Item
1009 360 1094 428 quae
1117 339 1369 411 Bartholomaeo

67 417 170 485 locuti
192 423 291 490 suut?
312 427 401 514 quod
422 452 541 519 nempe
561 433 703 501 voluerit
722 436 822 504 fidem
854 438 1076 510 Christianam
1099 447 1274 534 corrigere,
1311 446 1372 517 uti

65 529 178 591 tamen
211 526 293 594 fides
316 540 366 597 est
387 532 507 600 donum
543 536 619 622 Dei,
643 540 730 608 etin
758 553 922 631 potestate
959 547 1126 617 hominum
1159 572 1226 618 non
1248 558 1372 638 est-ut

67 635 271 723 corripiatur,
295 646 329 704 et
349 640 548 710 emendetur.
590 644 636 711 Et
657 647 706 715 sio
724 647 861 721 ulterius
884 650 926 719 de
948 653 1098 721 omnibus
1120 653 1204 740 aliis,
1226 655 1369 747 ideoque

65 737 131 806 hae
166 763 286 810 canem
316 744 500 833 condignae
534 771 601 817 non
636 750 776 833 inerunt,
808 755 896 844 quod
930 759 985 826 vel
1016 782 1082 827 uno
1113 758 1199 849 pede
1234 782 1378 837 earcere·

68 851 275 926 intraverint

604 1032 752 1103 cAPU'r
773 1039 826 1108 33.
867 1071 872 1078 ·

1325 1106 1345 1141 l.

67 1205 106 1265 In
129 1224 188 1285 quo
209 1207 388 1286 insinuatur,
412 1219 491 1295 qnod
514 1218 582 1279 Rex
610 1216 788 1298 magistrum
809 1215 925 1279 Pessek
947 1218 986 1278 ed
1008 1234 1042 1277 se
1063 1216 1150 1277 citari
1164 1215 1269 1317 jussit,
1281 1220 1367 1298 eique

68 1297 216 1369 quosdam
238 1317 378 1363 excessus
404 1315 507 1366 contra
528 1307 642 1386 Regem
654 1308 842 1369 Ludorioum
863 1305 1040 1366 commissos
1060 1314 1260 1383 proposuerit.
1282 1307 1365 1368 Tan·

69 1381 139 1441 dem
162 1386 242 1461 qnod
268 1386 353 1448 illum
374 1392 626 1469 admonuerit,'nt
644 1393 884 1468 Administretor
907 1390 1042 1452 Ozahera
1063 1393 1219 1453 conciones
1239 1393 1367 1455 insolen⁶

67 1474 115 1527 tas
138 1477 168 1528 et
200 1472 240 1531 ad
261 1478 472 1541 tumultumet
501 1483 630 1543 dissidia
663 1483 845 1561 concitantes
877 1480 1004 1553 omittat.
1048 1476 1145 1540 Simul
1167 1481 1251 1554 quod
1269 1481 1366 1541 eidem

65 1552 185 1616 Passek
194 1557 263 1623 Rex
276 1563 428 1640 objecerit,
451 1571 532 1646 quod
544 1570 723 1644 quibusdam
741 1563 914 1630 civitatibus
926 1566 1106 1644 persuadere
1128 1573 1253 1628 conatus
1264 1567 1369 1644 fuerit,

68 1648 104 1701 ut
126 1659 161 1701 se
182 1662 201 1703 a
221 1645 305 1726 Rege
329 1649 420 1730 dirigi
454 1675 515 1715 non
548 1657 659 1715 sinant.
702 1656 780 1717 Item
803 1647 883 1731 quod
904 1664 1008 1712 contra
1037 1655 1210 1714 mandatum
1232 1652 1363 1732 Regium

64 1728 212 1807 populum
234 1735 273 1794 ad
293 1741 521 1817 praecedentem
543 1743 683 1802 unionem
705 1744 885 1822 persuadere
906 1739 1044 1802 voluerit.
1087 1737 1204 1801 Ultimo
1226 1756 1285 1816 quo
1304 1760 1366 1804 mo·

365 1862 369 1869 ·
434 1830 473 1890 do
493 1828 579 1890 illum
600 1830 702 1910 Praga
724 1831 846 1891 exulare
862 1826 1000 1913 jusserit.

149 1984 324 2077 Postquam
340 1991 449 2083 itaque
469 1995 594 2064 haeres
608 2005 676 2065 tem
697 1998 755 2065 diu
774 2005 958 2088 protractae
979 1993 1143 2075 fuisssent,
1174 1992 1262 2081 qnod
1284 1993 1366 2063 haec

62 2085 202 2155 dissidia
222 2091 265 2158 ed
285 2093 387 2162 finem
408 2111 441 2164 et
472 2101 646 2169 terminum
667 2104 841 2192 pervenire
861 2124 928 2168 non
950 2100 1120 2189 potuerint,
1154 2106 1289 2185 propter
1307 2100 1364 2166 'va-

61 2191 130 2257 rias
150 2215 268 2262 causes
304 2199 388 2288 Regi
410 2209 442 2269 et
462 2203 576 2292 Regno
610 2208 820 2290 necessarias,
855 2204 961 2272 subito
984 2226 1062 2270 casu
1094 2224 1179 2270 novo
1202 2214 1240 2275 et
1257 2205 1363 2273 homi·

61 2293 125 2361 bus
146 2297 354 2387 inexpectato
370 2305 700 2401 acciditqquodRex
719 2316 912 2397 magistrum
922 2307 1048 2374 Passek
1076 2307 1120 2374 ad
1142 2330 1177 2374 se
1199 2309 1234 2375 in
1254 2332 1365 2377 arcem

67 2399 160 2465 citeri
173 2401 321 2490 jusserit,
344 2406 397 2474 die
418 2408 531 2477 Martis
552 2406 846 2480 anteDominioam
866 2398 1052 2479 Palmerum
1083 2410 1119 2499 (ὅ
1134 2411 1243 2501 Apa),
1266 2435 1364 2502 quem

67 2501 220 2599 allocutus
242 2507 303 2576 fuit
324 2511 366 2578 de
388 2515 582 2602 quibusdam
604 2518 702 2587 rebus
724 2518 779 2585 hic
800 2517 1002 2607 subscriptis.
1045 2515 1224 2598 Admonuit
1244 2539 1362 2607 nempe

63 2629 137 2675 eum
159 2619 193 2677 et
214 2634 347 2681 causam
381 2619 489 2687 eidem
510 2621 657 2690 attribuit
678 2623 713 2690 in
747 2623 943 2712 quibusdam
973 2621 1072 2690 rebus
1105 2630 1218 2689 eontra
1249 2645 1362 2711 regem

59 2714 155 2796 actis,
176 2715 212 2780 in
225 2721 451 2790 concitatione
471 2727 584 2817 populi
613 2726 655 2795 ab
677 2728 734 2795 illo
756 2729 844 2796 facta
880 2736 993 2795 contra
1014 2727 1137 2814 Regem
1157 2726 1363 2795 Ludovicum

59 2824 89 2883 et
104 2816 369 2913 Ferdinandum3
391 2827 448 2895 ille
469 2853 547 2898 vero
570 2835 663 2921 quasi
683 2832 777 2922 lepus
798 2832 881 2899 retia
901 2834 1006 2900 vitare
1028 2830 1154 2916 volens,
1178 2834 1360 2933 excusatio,-

58 2920 158 2987 nibus
172 3011 175 3019 Ι
191 2932 223 2989 et
257 2932 503 3022 exceptionibus
533 2937 633 3003 variis
666 2959 699 3002 se
731 2935 887 3021 defendit,
918 2935 1042 3016 dicens,
1074 2935 1156 3002 haec
1190 2936 1296 3022 egisse
1317 2935 1362 3002 ad

58 3022 149 3091 huno
181 3028 235 3094 vel
256 3030 510 3104 illumxsensum.
554 3039 626 3105 Rex
650 3061 723 3105 eum
756 3039 902 3124 audiens,
925 3037 1051 3104 distulit
1082 3038 1118 3103 in
1139 3037 1239 3103 alium
1262 3038 1360 3130 diem,

59 3132 149 3219 quod
170 3133 212 3200 de
234 3136 284 3203 his
307 3139 567 3207 informationem
588 3142 755 3208 meliorem
778 3143 942 3229 inquirere
964 3141 1054 3208 velit.
1098 3140 1245 3207 Tandem
1266 3142 1361 3213 illum

59 3237 205 3303 secundo
222 3243 314 3308 citari
331 3245 431 3332 jussit
453 3244 506 3311 die
527 3245 624 3312 lunae
648 3248 803 3333 sequenti,
826 3246 922 3313 idest
943 3255 1058 3332 quarta
1069 3244 1123 3311 die
1144 3246 1360 3314 antefactum

59 3337 177 3407 Sancti
198 3343 348 3430 Tiburtii,
372 3357 405 3414 et
419 3348 577 3416 allocutus
607 3350 713 3418 denuo
734 3352 795 3418 fuit
816 3350 918 3429 illum,
935 3353 1007 3440 jam
1029 3349 1257 3415 certitudinem
1279 3372 1358 3438 pos·

60 3444 174 3512 sidens
197 3447 238 3514 de
271 3450 418 3538 ejusdem
441 3454 640 3539 excessibus,
663 3460 795 3544 propter
818 3478 899 3541 quos
921 3456 956 3520 in
979 3453 1169 3541 disgratiam
1193 3462 1226 3519 et
1252 3452 1359 3543 indig-

58 3550 227 3617 nationem
251 3576 404 3642 magnam
425 3557 513 3623 illius
535 3559 661 3642 incidit,
685 3559 748 3626 hoc
770 3581 884 3626 sensu:
905 3559 1015 3624 Primo
1042 3557 1129 3646 quod
1150 3559 1266 3624 attinet
1278 3558 1358 3626 cal-

56 3652 128 3720 lum
152 3653 310 3742 Ozahera,
334 3661 496 3748 quondam
518 3662 822 3749 administratorem,
847 3663 924 3728 dum
947 3663 1120 3729 conciones
1142 3663 1251 3728 varias
1274 3661 1355 3728 mul·

56 3766 108 3823 tas
133 3767 166 3824 et
187 3761 342 3849 populum
363 3763 407 3830 ad
428 3766 599 3833 tumultum
622 3769 823 3834 concitantes
835 3767 998 3850 dixerunt,
1010 3765 1202 3854 praesertim
1223 3765 1354 3859 quando

54 3862 179 3951 populo
202 3866 236 3930 in
270 3871 460 3935 memoriam
481 3871 622 3957 reduxit,
644 3874 858 3962 imperatores
882 3883 915 3939 et
936 3894 1031 3959 reges
1053 3870 1231 3936 Bohemiae
1263 3879 1354 3939 ante·

55 3966 223 4054 cedentes,
255 3973 341 4060 quod
375 3974 507 4042 eosdem
536 3978 721 4064 Progenses
753 4001 813 4067 pro
845 3977 1012 4045 voluntate
1046 3997 1105 4041 sua
1134 3977 1357 4063 persuaserint

55 4073 321 4165 quandocunque
343 4079 515 4166 voluerint,
549 4083 743 4152 concitando
765 4084 914 4149 homines
937 4080 979 4147 ad
1001 4079 1088 4146 mala
1118 4078 1248 4166 agenda
1281 4103 1353 4147 con·

53 4184 107 4242 tra
131 4177 297 4246 dominum
320 4206 413 4249 suum
436 4185 697 4272 haereditarium,
721 4209 762 4253 ne
786 4187 888 4253 ullum
910 4185 1075 4253 hominem
1098 4185 1244 4270 timeant,
1267 4186 1354 4275 quod

54 4303 172 4349 omnes
194 4287 329 4354 insimul
351 4289 519 4375 foederati,
543 4295 635 4381 quasi
657 4294 754 4360 homo
776 4316 859 4359 unus
882 4293 956 4376 sint,
986 4288 1137 4380 quodque
1159 4290 1268 4357 nullus
1292 4292 1353 4357 eis-

52 4385 143 4470 dem,
169 4391 266 4456 etiam
288 4393 463 4462 modernus
485 4420 547 4463 rex
566 4399 688 4465 maium
711 4397 843 4487 aliquod
864 4396 985 4462 inferre
1007 4394 1120 4482 possit,
1144 4403 1177 4460 et
1188 4393 1264 4460 dum
1286 4393 1353 4479 ille,

51 4490 183 4558 Passek
204 4518 332 4585 nempe,
355 4501 527 4586 primarius
550 4501 592 4568 de
615 4512 730 4568 senatu
751 4500 842 4567 urbis
864 4499 1040 4587 Pragensis
1064 4498 1198 4564 effectus
1227 4497 1353 4581 fuisset,

52 4595 145 4684 quod
178 4599 284 4666 eidem
319 4610 351 4668 et
373 4605 500 4671 senatui
521 4606 580 4672 toti
600 4629 662 4672 rex
697 4606 827 4696 saepius
860 4604 1037 4694 scripserit,
1067 4604 1165 4669 etiam
1199 4611 1352 4669 oretenus

53 4721 173 4770 severe
196 4705 410 4794 mandaverit,
432 4718 469 4779 ut
491 4708 597 4801 eidem
619 4709 715 4781 Gallo
723 4711 898 4781 conciones
919 4709 1002 4778 tales
1022 4707 1242 4877 inhibqqntur,
1265 4706 1354 4797 quod
