2948 5040
1286 165 1353 235 295

1309 357 1374 410 Pflss·

578 419 595 431 ''
621 412 740 519 'Caput
761 417 811 484 20.

75 503 130 560 Ubi
161 502 325 574 describitur,
356 505 488 573 quomodo
506 519 552 564 rex
569 504 742 575 Pragenarbus
772 503 940 560 amicabiliter
964 504 1074 575 deierat,
1092 509 1121 558 nt
1138 496 1300 558 amicabilem

110 577 313 629 transactionem
329 577 428 641 ineant,
447 576 546 630 Passek
563 588 628 629 uero
647 589 707 635 cum
725 577 778 628 suis
796 573 1153 643 adhaerentibusasuperbia
1166 584 1302 624 suarece·

115 645 180 698 dere
196 659 249 696 non
267 646 331 710 vult,
347 645 428 714 etiam
447 644 522 712 quale
545 659 699 712 responsum
728 645 786 713 regi
810 645 1046 717 intermeratae
1076 645 1173 711 pariter
1196 639 1303 691 admissi

114 714 289 766 innocentiam
306 728 380 765 suum
397 715 536 777 insinuant,
550 719 667 766 'atamen
686 713 773 766 denuo
790 728 820 766 re
837 706 1130 767 inlecta-'discesserunt
1149 719 1200 765 etc.
1235 704 1304 758 Tun·
1381 716 1383 720 ⁴

116 782 176 835 dem
193 790 275 835 testes
293 782 363 834 citati
381 781 414 834 ab
433 780 551 835 exulibus
575 783 749 834 testimonium
777 783 840 835 dara
865 781 1011 846 debuerunt
1043 788 1133 849 contla
1150 779 1306 848 Pugnaces,

114 849 215 905 Pnsselt
231 864 296 903 vero
314 849 452 919 diligenter
470 850 662 912 sollicitabatur,
692 866 726 903 ne
745 851 806 903 dont
823 851 997 905 testimoninm
1040 887 1048 904 .
1084 890 1091 904 .
1127 852 1139 906 .'
1170 881 1178 898 ·
1214 885 1221 905 .
1258 884 1265 900 .
1300 839 1378 896 ·233

640 917 747 1006 Oaput
767 919 821 986 21.

83 1006 112 1062 ln
131 1021 184 1091 quo
201 1013 313 1073 notatur,
332 1004 402 1073 quod
419 1005 511 1089 iterum
530 1004 631 1089 Passala
648 1007 761 1060 voluerit
790 1007 868 1060 modo
887 1005 1021 1089 etyiraude
1038 1021 1087 1088 ‘sua
1107 1001 1238 1086 diabolice
1257 999 1306 1052 do·
1417 1021 1423 1029 ·

117 1092 216 1159 ΜΨ
235 1090 420 1196 ‘ituit
437 1075 992 1198 :itlitttt'tttl‘ttttttt'itt
1009 1075 1309 1198 ltttttttttttl‘it

113 1148 289 1280 UaUUdnrgUgi,
308 1211 378 1281 quod
396 1213 446 1264 sibi
462 1160 555 1282 reggem
574 1213 704 1266 addictum
722 1162 748 1266 ept
764 1162 1072 1267 benevot'umgretdersc.
1101 1209 1240 1275 Quomodo
1257 1207 1311 1286 ite-¹

113 1299 171 1337 rum
188 1282 319 1351 quendam
338 1282 498 1350 lagenarium
517 1289 544 1334 et
555 1282 662 1335 alterum
677 1282 845 1351 cingularinm
858 1281 892 1334 ad
908 1299 1000 1352 rogum
1027 1281 1213 1334 condemnatos
1231 1275 1309 1327 educr
1327 1310 1330 1315 -

112 1351 246 1422 jusserint.
281 1349 363 1403 Simul
387 1351 518 1419 quomodo
541 1351 584 1403 isti
602 1367 690 1405 coram
707 1360 762 1405 toto
780 1352 877 1420 populo
897 1352 974 1404 fidem
993 1366 1065 1404 suam
1084 1349 1261 1419 profiteantur,
1279 1353 1306 1395 et

119 1421 194 1477 simul
212 1434 261 1490 pru
278 1419 390 1472 inimicis
410 1421 464 1472 suis
482 1419 566 1472 ileum
585 1427 694 1474 excreat
738 1456 1090 1475 .........
1091 1431 1093 1434 ·
1127 1447 1307 1474 .....
1325 1412 1379 1469 240

639 1487 745 1577 Caput
766 1489 818 1569 22.

82 1576 133 1631 Ubi
149 1578 294 1632 insinuatur
311 1572 345 1626 de
362 1572 402 1626 bis
413 1572 555 1628 combustis
573 1584 599 1628 ct
612 1572 706 1630 Christi
724 1576 888 1648 martyribus,
907 1574 1038 1645 quomodo
1056 1574 1190 1642 apparitor
1209 1571 1241 1624 do
1259 1569 1310 1622 illis

115 1645 317 1715 proclamaverit
332 1651 359 1697 et
377 1659 424 1696 eos
441 1645 624 1708 nominaverit,
650 1654 676 1698 et
693 1660 709 1698 a
728 1655 826 1710 contra,
845 1644 978 1712 quomodo
997 1644 1035 1696 illi
1053 1644 1133 1697 iidem
1153 1657 1227 1694 suam
1244 1654 1308 1706 pro-

117 1716 180 1770 fessi
197 1714 302 1785 luerint,
320 1721 347 1768 et
364 1711 516 1781 prolitentes
533 1715 614 1766 vitam
631 1730 705 1769 suam
722 1715 853 1769 tluivcrint
904 1747 1302 1768 ..........
1323 1707 1378 1764 243
1439 1749 1443 1754 ·

640 1781 747 1872 Caput
767 1783 819 1849 23.

80 1871 133 1927 Ubi
151 1876 278 1940 narratur,
296 1867 368 1937 quod
386 1882 431 1920 rex
449 1867 626 1938 Pragensibus
651 1879 769 1923 senatum
795 1871 960 1929 renovaverit
979 1876 1005 1922 et
1022 1870 1145 1922 unionem
1173 1866 1305 1918 civitatum

116 1941 243 2003 diviserit,
262 1939 345 2007 primo
363 1939 391 1991 in
401 1935 523 2005 Antiqua,
541 1939 647 1992 tandem
656 1938 730 1993 Nova
749 1941 855 1995 civitate
873 1948 990 1993 senatum
1005 1937 1177 2003 constituerit,
1196 1942 1222 1987 et
1241 1949 1306 2002 quo-

117 2009 196 2064 modo
214 2006 432 2075 Neo-Pragenses
452 2019 484 2057 ex
510 2004 560 2058 boc
591 2008 675 2077 gavisi
694 2008 799 2074 inerint,
830 2017 856 2061 et
874 2009 1017 2061 exultantes
1045 2007 1223 2059 cantaverint:
1261 2001 1311 2053 Pro

119 2081 194 2149 signo
212 2077 325 2130 laetitiae
343 2074 399 2130 dies
416 2075 493 2128 nobis
512 2081 567 2128 orta
581 2085 628 2132 est.
663 2077 727 2132 item
752 2077 787 2130 'le
805 2078 890 2138 Deum
919 2076 1052 2130 laudamus
1071 2084 1122 2130 etc.
1142 2072 1301 2126 decantariat
1326 2069 1378 2124 245

640 2169 748 2260 Caput
769 2172 821 2238 24.

84 2260 114 2315 la
132 2272 185 2330 quo
203 2255 356 2324 insinuatur,
380 2255 452 2324 quod
469 2256 587 2311 bomines
606 2261 642 2327 pii
666 2269 693 2313 et
706 2258 771 2325 justi
796 2260 884 2328 quiete
902 2258 939 2310 uti
957 2258 1084 2321 volentes,
1111 2257 1181 2310 bene
1199 2253 1304 2308 solvere

71 2384 73 2387 ,
119 2328 265 2383 debuerint.
276 2326 341 2378 item
361 2324 432 2394 quod
449 2324 556 2391 Passek,
576 2327 649 2396 Zilia
668 2337 695 2381 et
713 2328 816 2382 llarban
833 2336 941 2396 egentes
960 2327 1020 2380 iacti
1037 2327 1142 2390 luerint,
1160 2323 1205 2377 ubi
1223 2332 1309 2374 tamen

121 2401 158 2468 pii
177 2403 203 2448 et
216 2394 280 2461 justi
298 2403 405 2464 propter
421 2393 480 2448 illus
499 2398 585 2463 capita
601 2397 691 2451 levare
709 2399 766 2450 ausi
782 2413 836 2449 non
854 2404 921 2448 sunt.
952 2395 1016 2448 Item
1035 2404 1156 2449 notantur
1173 2406 1310 2461 personae.

123 2481 189 2534 quae
206 2466 234 2517 in
251 2463 291 2518 bis
309 2464 423 2516 dissidiis
442 2463 475 2516 de
494 2474 585 2521 senatu
610 2482 742 2535 nunquam
770 2464 949 2530 decesserunt,
977 2463 1082 2516 tandem
1101 2479 1165 2517 vero
1184 2477 1217 2516 ex
1235 2474 1309 2511 man·

122 2537 181 2588 dato
198 2532 412 2653 regioddupositi,
441 2532 475 2583 ad
492 2533 561 2586 nulia
580 2535 688 2588 consilia
706 2537 792 2590 vocati
810 2534 920 2588 fuerunt.
957 2533 1029 2598 Quos
1047 2536 1141 2587 iterum
1158 2548 1202 2586 rex
1229 2539 1311 2583 trans-
1328 2597 1385 2653 247

120 2604 217 2658 actioni
234 2611 273 2655 itu
294 2607 371 2656 itetc
391 2638 1310 2661 .......................

646 2671 753 2762 Caput
774 2673 826 2739 25.

85 2761 114 2814 ln
135 2776 188 2829 quo
205 2759 360 2828 insinuatur,
392 2758 463 2831 quod
481 2773 527 2813 ron
551 2760 714 2816 admonuerit
732 2760 877 2831 Pragenses
894 2757 997 2813 Veteris
1025 2769 1052 2812 et
1068 2759 1158 2813 Novae
1177 2757 1257 2827 urbis,
1287 2761 1315 2806 ut

120 2829 363 2883 reconciliationem
382 2842 440 2878 cum
470 2828 589 2882 exulibus
608 2832 705 2892 ineant,
731 2838 758 2883 et
780 2838 893 2898 quatuor
917 2830 1035 2896 personis
1063 2829 1150 2882 salvus
1170 2827 1314 2879 conductus

121 2901 208 2965 detur,
227 2899 270 2966 qui
288 2895 349 2948 loco
369 2899 482 2948 omnium
507 2898 665 2966 reliquorum
693 2900 726 2951 de
745 2912 811 2967 pace
842 2906 929 2966 egunt.
963 2896 1076 2950 Tandem
1103 2897 1185 2965 qualis
1203 2896 1270 2947 visio
1289 2893 1316 2942 in
1358 2952 1364 2961 ,

121 2967 235 3022 nubibus
255 2967 388 3034 signorum
407 2965 568 3032 quorundam
596 2967 674 3019 luerit
699 2967 731 3021 ab
759 2968 906 3020 bominibus
933 2974 1082 3032 conspecta.
1118 2970 1183 3022 ltcm
1209 2959 1327 3031 quando

121 3037 213 3089 exules
226 3036 337 3102 Pragum
355 3041 492 3101 venerunt,
507 3034 582 3100 'quod
596 3035 654 3087 illos
667 3037 818 3088 sacerdotes
832 3037 1123 3106 excommunicaverint,
1142 3044 1168 3088 ct
1181 3029 1314 3102 quomodo

121 3106 148 3158 bi
167 3114 278 3172 quatuor
297 3102 397 3155 salvum
416 3102 573 3155 conductum
592 3104 719 3156 babentes
739 3105 772 3157 de
791 3104 1003 3157 reconciliatione
1023 3106 1124 3173 egerint
1176 3140 1182 3156 .
1221 3141 1227 3154 .
1263 3138 1270 3154 .
1307 3097 1387 3152 .250

648 3168 756 3260 Caput
776 3173 829 3239 26.

88 3262 139 3316 Ubi
157 3262 310 3318 insinuatur,
340 3255 399 3308 dum
420 3259 589 3316 communitas
606 3256 745 3328 Pragensis
770 3261 796 3312 in
822 3261 919 3313 curiam
938 3259 1015 3312 citata
1040 3259 1098 3330 luit,
1127 3267 1155 3314 ut
1178 3258 1211 3313 de
1229 3267 1316 3312 trans-

124 3333 227 3384 actione
247 3345 305 3381 cum
324 3324 442 3377 exulibus
452 3335 552 3397 agatur,
572 3342 648 3397 quum
667 3328 808 3382 difficulter
821 3328 920 3383 Passelr
932 3326 1043 3396 etZilra
1063 3331 1088 3380 in
1107 3330 1204 3382 curiam
1224 3329 1315 3380 venire

125 3399 245 3469 persuasi
264 3396 365 3448 luerint.
402 3392 514 3447 Tandem
535 3399 624 3466 quales
642 3395 733 3451 literae
752 3413 767 3450 u
786 3397 939 3466 quibusdam
959 3398 1111 3464 proceribus
1129 3400 1155 3450 in
1174 3399 1270 3450 curium
1290 3402 1316 3445 et

127 3470 160 3521 ad
179 3465 388 3518 communitatem
406 3465 500 3518 missae
518 3466 620 3518 luerint.
656 3466 720 3519 ltem
747 3466 878 3535 quomodo
907 3466 1006 3523 Bassai
1024 3466 1134 3518 sollicite
1160 3464 1316 3534 interpella-

126 3541 203 3601 verit,
224 3544 252 3588 ut
269 3531 371 3585 insimul
391 3547 482 3599 omnes
500 3537 526 3587 in
544 3534 691 3603 subscripto
704 3535 813 3589 loedere
825 3542 1004 3604 perseverent,
1024 3543 1049 3587 et
1064 3551 1123 3587 curn
1136 3535 1205 3589 Neo·
1220 3532 1319 3586 urben·

129 3609 200 3658 sibus
219 3607 311 3657 iterum
330 3600 363 3652 dc
381 3603 477 3653 unione
495 3613 582 3673 agant,
610 3612 739 3661 econtra
759 3619 826 3672 quse
846 3603 944 3657 Pssaelr
975 3604 1084 3656 adversa
1112 3605 1239 3675 suffragiis
1266 3603 1319 3656 suis

132 3676 221 3727 audire
242 3672 370 3737 debuerit,
388 3679 495 3739 propter
512 3687 580 3740 quae
598 3676 684 3807 capi&
703 3682 729 3726 et
748 3673 857 3808 auglltns
872 3672 990 3726 demissis
1008 3674 1146 3725 incesserit
1163 3683 1215 3727 etc.
1266 3711 1273 3726 .
1313 3710 1320 3725 .
1338 3666 1390 3723 253

679 3752 758 3808 cui
822 3789 830 3806 .

96 3830 147 3884 Ubi
166 3829 318 3892 insinuatur,
347 3843 414 3895 qnae
432 3826 469 3878 illi
488 3827 579 3881 exules
598 3845 684 3882 corum
700 3765 890 3882 Idominunitats
918 3829 993 3882 urbis
1007 3826 1111 3882 Veteris
1129 3829 1322 3896 proposuerint,

127 3897 203 3969 quale
222 3897 299 3948 etiam
329 3910 481 3964 responsum
499 3913 513 3948 a
533 3901 716 3951 communitate
740 3901 778 3951 eis
797 3899 882 3950 datum
908 3897 994 3966 inerit,
1021 3897 1091 3966 quod
1118 3898 1155 3950 itti
1174 3897 1280 3961 Passelr,
1299 3905 1325 3948 et

132 3969 179 4021 toti
201 3965 256 4032 ejus
276 3961 367 4016 turbas
384 3973 484 4035 gratum
503 3969 592 4020 audire
609 3982 662 4021 non
680 3967 735 4028 init,
752 3977 778 4021 et
796 3983 872 4034 quam
886 3968 994 4021 bonaste
1013 3969 1112 4021 eisdem
1125 3967 1205 4020 locuti
1223 3967 1319 4020 inerint
1336 3963 1389 4018 256

658 4035 765 4125 Ocput
785 4036 838 4104 28.

94 4126 145 4180 Ubi
162 4123 254 4194 agitur,
275 4118 407 4187 quomodo
425 4100 474 4173 bae
494 4131 605 4190 quatuor
631 4139 761 4193 personae
786 4118 956 4182 adsenatum
975 4121 1066 4177 Novae
1095 4122 1165 4178 urbis
1184 4123 1323 4193 Pragensis

127 4195 239 4263 ingressi
259 4190 365 4259 luerint,
385 4188 487 4271 qualem
507 4207 654 4276 sermonem
675 4193 850 4274 proposuerit,
869 4194 988 4274 ettquasi
1006 4191 1323 4274 ali’ilutoadllerodem

129 4259 708 4409 tt:trittlibellifttttt‘i,titt
717 4259 1192 4399 ittittttl'ttt‘lttlitia
1208 4261 1324 4382 illiti?

130 4404 171 4454 dia
191 4399 337 4467 committit,
355 4414 388 4450 an
406 4411 470 4448 vero
489 4397 542 4468 ille,
561 4403 604 4468 qui
619 4403 703 4467 J'uste,
719 4400 762 4467 pie
782 4406 808 4453 ot
824 4396 936 4466 pacifico
954 4414 983 4451 se
1002 4399 1091 4468 gerit?
1144 4439 1150 4451 .
1189 4441 1194 4454 .
1231 4440 1237 4453 .
1272 4438 1279 4453 .
1319 4396 1396 4452 ,259

649 4464 756 4556 Caput
779 4466 832 4532 29.

96 4556 146 4612 Ubi
163 4561 277 4620 notatur,
295 4551 366 4620 quod
385 4551 445 4603 dum
465 4552 584 4605 dominus
602 4552 708 4606 Hlawsa
726 4570 785 4606 cum
803 4553 939 4606 associatis
957 4556 1012 4606 suis
1028 4557 1056 4608 in
1074 4555 1123 4607 bac
1141 4555 1323 4617 communitate

132 4623 302 4678 amicabiliter
318 4620 425 4672 allicere
443 4620 507 4673 nihil
526 4623 648 4688 potuerit,
661 4623 819 4675 binciumad
833 4636 924 4690 regent
944 4628 1086 4690 perrexerit
1103 4625 1254 4692 ibidemque
1261 4632 1323 4676 tan-

131 4704 184 4746 tum
203 4691 329 4754 effecerit,
358 4688 429 4758 quod
445 4705 492 4743 rex
509 4691 629 4743 omnibus
648 4692 767 4745 exulibus
795 4691 896 4745 salvum
915 4693 1071 4762 conductum
1100 4695 1268 4758 concesserit,
1296 4701 1325 4745 ut

131 4763 240 4832 Prsgue,
270 4760 419 4829 ubicunque
438 4759 476 4816 eis
506 4759 642 4829 placuerit,
668 4760 823 4816 commorari
839 4760 945 4830 possint
981 4759 1096 4818 Tandem
1125 4763 1326 4818 communitates
