2948 5040
1153 208 1156 213 ’
1268 192 1348 271 ΜΒ

37 368 148 440 -zoidat‘
164 374 271 457 eitius,
292 392 390 461 quam
409 369 704 455 aliua-secundum
719 368 822 436 dicte
857 368 997 457 Spiritus
1032 368 1144 435 Sancti
1163 369 1303 438 Psalmo·
1315 374 1348 440 7.

31 485 85 555 ¹et
108 477 228 564 quiex
250 475 333 542 alius
356 474 532 541 infortunio
554 471 808 541 consolationem
838 474 934 560 capit,
968 493 1105 538 necesse
1132 472 1182 538 illi
1216 483 1276 557 est,
1308 478 1349 541 -ut

34 582 144 670 'prius
165 581 329 669 respiciat,
364 602 442 644 num
464 578 529 644 tale
550 578 767 645 infortunium
784 577 907 643 calcem
936 576 1056 665 pedum
1078 578 1154 665 ejus·
1184 587 1348 667 sequatur,

48 693 150 772 prout
170 682 292 750 eccidit
312 683 454 748 -cuidam
487 684 661 749 mercatori
688 683 819 748 nomine
841 680 994 764 Duchek,
1026 682 1092 747 ciri
1112 682 1256 749 nondum
1291 706 1349 772 pe·

36 796 184 871 stremo,
209 789 264 874 qui
285 794 500 852 mercaturam
532 808 623 852 suam
655 794 722 850 tam
743 784 882 873 provide
904 782 1090 868 exercebat,
1125 785 1212 872 quod
1234 789 1350 875 majori

14 956 17 961 ,
49 889 164 957 debito
188 889 380 956 hominibus·
406 898 579 967 teneretur,
615 910 713 977 quam
745 890 896 976 propriae
931 909 1056 954 meroes
1087 891 1118 955 ei
1153 890 1348 957 suffecerint

40 992 119 1060 .Hic
139 994 285 1081 tempore
307 992 422 1059 harum
445 992 684 1059 dissensionum
705 992 918 1078 Pragensium
930 991 1070 1077 dicebat,
1092 993 1179 1078 quod
1201 996 1230 1059 si
1245 995 1347 1082 possi-

47 1095 120 1163 bile
159 1097 250 1182 foret,
284 1097 371 1185 quod
394 1096 509 1164 lubens
530 1099 663 1187 propria
680 1118 782 1162 manu
804 1118 869 1161 sua·
893 1096 994 1162 vellet
1020 1102 1133 1164 omnes
1154 1095 1348 1191 Piclshartss

50 1200 265 1289 suspendere,
288 1222 494 1268 concremare
516 1211 548 1267 et
570 1203 676 1289 capite
697 1201 848 1290 plectere.
907 1201 1055 1267 Tandem
1078 1202 1160 1268 haec
1180 1204 1216 1268 iu
1237 1203 1346 1295 ipsum

47 1326 186 1372 reversa
205 1305 345 1388 filerunt,
368 1305 446 1376 dum
468 1314 577 1371 mente
600 1304 745 1371 turbatus
776 1313 809 1370 et
830 1306 947 1371 auxius
969 1305 1159 1372 admittente
1179 1306 1263 1391 Deo,
1288 1330 1346 1375 ur·

48 1409 205 1497 gentibus
229 1409 420 1476 solutionem
443 1409 626 1476 debitorum
648 1408 862 1476 creditoribus
883 1411 926 1474 in·
949 1413 1080 1499 propria
1110 1434 1170 1478 sue
1191 1411 1288 1478 domo
1310 1413 1346 1478 in

45 1515 124 1581 fora
144 1509 246 1579 Urbis
272 1513 435 1601 Antiquae
467 1535 570 1602 prope
591 1514 746 1602 templum
777 1512 810 1582 S.
832 1513 1012 1597 Michaelis,
1034 1526 1206 1602 antequam
1221 1514 1349 1583 herbas

45 1617 232 1713 etr-edices
254 1617 342 1706 apud
363 1617 553 1707 apothecam
575 1621 788 1685 communiter
818 1616 860 1684 ab
882 1621 1024 1704 antiquis
1046 1620 1246 1709 temporibus
1268 1644 1346 1693 veu-

45 1722 139 1807 dunt,
163 1725 328 1810 seipsum
363 1724 532 1810 suspendit
551 1719 599 1790 'et
620 1724 818 1811 proditorem
845 1723 965 1790 Judam
999 1733 1128 1805 secutus
1159 1735 1213 1792 est
1244 1727 1346 1813 prius,

46 1850 148 1916 quam
170 1827 252 1894 alios
274 1827 475 1914 suspendere
504 1830 673 1916 inceperit,
708 1850 803 1916 quem
835 1829 966 1894 tandem
989 1848 1032 1896 ex
1063 1831 1195 1897 civitate
1229 1835 1366 1920 evene-¹

44 1944 124 2000 runt
145 1942 179 1999 et
199 1933 307 2020 Prage
328 1931 433 1998 tribus
453 1933 648 2000 milliaribus
670 1942 746 1999 ante
782 1933 1000 1999 Benesovium
1022 1936 1056 1999 in
1082 1956 1178 2022 pago
1213 1935 1253 2004 N.
1291 1950 1347 2023 pe-

45 2061 109 2104 nes
134 2037 308 2104 ecclesiam
332 2059 407 2103 cum
443 2037 639 2125 quibusdam
662 2037 842 2104 mendaciis
878 2037 1099 2125 sepeliverunt
1129 2040 1266 2116 rustici,¹
1290 2041 1347 2127 qui

34 2144 200 2230 quamvis
223 2141 264 2208 ab
288 2141 350 2208 hoc
371 2141 515 2209 facinore
545 2142 641 2210 soluti
674 2143 804 2224 fuerint,
835 2151 977 2208 atamen
1008 2146 1095 2210 intra
1123 2142 1247 2231 aliquot
1275 2141 1347 2209 dies

44 2248 227 2313 rescientes
249 2267 322 2311 esse
345 2269 548 2336 suspensum,
577 2247 619 2313 ab
642 2246 755 2314 eodem
778 2247 883 2312 etiam·
898 2256 1019 2313 terrore
1041 2246 1181 2335 quodam
1195 2246 1348 2335 perculsi,
1394 2280 1398 2287 ·

49 2351 146 2416 illum
165 2351 358 2436 effoderunt,
380 2353 478 2417 amici
498 2348 586 2418 illius
606 2373 687 2418 vero
708 2354 900 2437 nescientes,
925 2374 1085 2441 quo-eum
1100 2350 1270 2419 devehere
1291 2350 1347 2418 de·

51 2455 159 2541 beant,
179 2457 213 2522 in
248 2457 342 2545 sylva
371 2457 600 2545 sepeliverunt
633 2457 722 2523 Dum
752 2468 859 2524 autem
891 2458 1005 2524 rustici
1021 2458 1135 2528 [etiam
1163 2455 1295 2535 ibidem
1316 2455 1348 2521 ei
1433 2488 1436 2496 ·

47 2560 157 2627 locum
189 2561 301 2629 lavere
331 2561 502 2646 noluerint,
524 2562 666 2649 Pragam
697 2584 771 2631 eum
805 2563 923 2629 iterum
956 2560 1120 2628 devehere
1152 2560 1346 2650 debuerunt,

46 2664 107 2732 ubi
126 2688 211 2733 uxor
233 2667 303 2755 ejus
326 2688 401 2732 cum
422 2667 536 2733 amicis
557 2690 579 2733 a
597 2666 819 2754 Pragensib'us
842 2668 956 2750 coacti,
988 2666 1081 2733 illum
1102 2665 1346 2740 2carnifici5tra·

45 2770 211 2855 diderunt,
234 2773 290 2858 qui
314 2770 421 2837 eidem
443 2780 520 2836 ante
540 2780 666 2859 portam
682 2770 1003 2857 Kuttenbergensem
1024 2772 1058 2840 in
1080 2793 1160 2856 rogo
1168 2769 1348 2846 mediante

44 2878 126 2962 igne
149 2875 379 2965 sepeliverunt,
404 2898 478 2941 cum
499 2898 576 2942 vero
606 2876 806 2945 illuminita
835 2873 1009 2950 duasdies
1040 2887 1249 2941 concremare
1279 2896 1347 2940 non

35 2980 222 3069 potuerint,
244 2980 363 3045 mansit
384 2982 472 3045 enim
494 2980 598 3046 solum
619 2979 797 3059 ambustus,
820 2978 1002 3046 debuerunt
1032 2978 1095 3047 illi,
1113 2988 1219 3067 eaput'
1234 2978 1346 3047 decu-

44 3094 119 3151 tere
141 3092 174 3179 et
194 3093 300 3150 terrae
331 3082 487 3150 infodere.
530 3084 584 3150 De
605 3084 663 3150 tali
684 3093 759 3150 ectu
778 3081 844 3149 fide
865 3082 958 3168 digni
979 3083 1243 3151 attestabantur·
1381 3174 1384 3181 Δ

596 3293 743 3363 CAPUT
768 3296 799 3361 3.

44 3452 112 3519 Ubi
134 3464 280 3528 narretur,
315 3456 394 3530 quod
426 3455 596 3533 Pragenses
631 3457 752 3517 exulum
781 3477 891 3520 uxores
914 3479 930 3516 e
952 3457 1074 3517 civitate
1106 3457 1285 3536 pepulerint,
1309 3452 1340 3516 st

44 3544 146 3604 denuo
168 3540 301 3602 loannes
324 3541 451 3601 Hlawse
474 3562 539 3602 cum
570 3544 714 3621 magistro
747 3544 868 3605 Brikoio
889 3544 921 3604 iu
944 3544 1104 3621 Hungaria
1137 3545 1217 3621 apud
1239 3562 1341 3622 regem

45 3630 222 3706 etquidem
244 3629 297 3688 alii
320 3636 417 3688 terrae
438 3648 577 3706 proceres
599 3649 666 3690 cum
688 3631 749 3689 illis
783 3631 900 3692 solliciti
930 3631 1040 3691 fuerint
1062 3639 1093 3690 et
1113 3630 1287 3705 institerint,
1312 3640 1341 3689 et

39 3717 188 3797 princeps
212 3714 338 3776 Carolus
369 3717 438 3777 illos
460 3727 578 3777 secutus
601 3719 650 3781 sit.
696 3719 833 3779 Tandem
855 3720 935 3796 quod
964 3738 1019 3778 rex
1040 3719 1214 3789 Ludovious
1236 3717 1341 3791 literas

35 3804 254 3883 .Pregensibus
277 3804 408 3877 miserit;
439 3805 529 3864 simul
551 3807 589 3863 de
612 3804 745 3885 Georgio
766 3801 922 3884 Lopeuky'
944 3806 1139 3883 incarcerato,
1163 3824 1251 3883 quem
1273 3815 1342 3884 post

31 3970 35 3977 ι
125 3900 250 3951 mortem
273 3890 398 3968 sepelire
420 3891 593 3966 noluerunt;
621 3888 695 3952 itam
718 3894 755 3952 de
777 3892 904 3953 Erasmo
926 3901 956 3951 et
976 3888 1155 3977 Wenceslao
1176 3890 1272 3970 Kese.
1291 3884 1293 3888 Α
1313 3886 1324 3967 f

58 4064 63 4071 ¹
134 4039 215 4106 Post
235 4040 317 4107 haee
333 4041 386 4110 die
401 4043 497 4108 lunae
511 4052 586 4131 post
596 4043 628 4109 S.
642 4043 765 4108 Luciae
788 4040 876 4127 diem
887 4043 955 4122 (11.
966 4042 1258 4129 Dec.)Pr·sgenses
1280 4041 1345 4108 sibi

44 4157 284 4234 proposuerrmt
304 4147 392 4235 aliud
415 4147 686 4214 oblectamentum
698 4140 837 4230 efficere,
860 4148 997 4214 citantes
1017 4147 1053 4212 in
1065 4149 1205 4212 :curiam
1221 4150 1342 4212 uxores

45 4251 171 4317 civium
193 4248 419 4338 relegatorum,
453 4254 509 4338 qui
541 4254 716 4318 terminum·
736 4252 833 4337 unius
854 4250 1227 4341 anniprovenditione
1244 4250 1344 4331 hono·

45 4378 120 4426 rum
143 4357 185 4424 ad
207 4358 294 4425 diem
317 4380 420 4446 usque
443 4356 476 4423 S.
493 4357 581 4424 Galli
603 4357 707 4446 elapsi
728 4357 930 4444 assignatum
952 4355 1144 4438 habueruut,
1168 4361 1345 4442 ethespa-

39 4466 128 4531 riter
150 4464 242 4533 exire
259 4464 437 4551 jusserunt,
470 4471 506 4528 ut
534 4463 675 4528 finaliter
704 4463 789 4528 intra
812 4471 949 4551 quatuor
962 4460 1169 4550 septimanas
1193 4459 1345 4552 contnuo

46 4577 222 4657 sequentes
244 4566 375 4632 residua
396 4566 483 4633 bona
515 4567 693 4634 divendant
733 4576 766 4633 et
786 4569 919 4634 maritos
941 4589 1017 4634 euos
1039 4561 1344 4654 sequantur,:t‚quud

47 4674 79 4739 si
110 4671 190 4738 illud
223 4671 338 4738 iacere
363 4670 533 4754 noluerint,
564 4671 650 4760 quod
683 4668 1345 4762 sonnoquesequentur>¹³1>eusipse

39 4778 441 4866 normanorumque
461 4773 644 4866 petulanter
663 4775 855 4848 mundaum
872 4776 1140 4870 anasum
1148 4774 1369 4859 smmum*

1100 4873 1172 4949 32¹*
