2948 5040
139 136 181 205 88

130 310 257 378 versele
294 309 461 376 decretum
496 331 660 397 nunquam
701 308 849 388 citaruut,
884 309 926 376 de
947 307 998 377 bis
1020 331 1085 376 non
1109 309 1343 399 querebantur,
1372 333 1434 377 nec

129 438 189 482 nos
211 415 433 502 culpaverunt,
457 421 489 478 et
524 435 586 477 nec
608 414 774 500 hueusque
799 412 931 502 culpare
954 423 1099 501 possunt,
1137 415 1221 480 tales
1244 415 1333 481 enim
1353 437 1434 482 nun·

130 541 228 608 quam
259 518 389 600 fuimus,
422 538 528 604 neque
562 538 681 583 sumus.
704 516 922 584 Nihilominus
959 525 1069 582 tamen
1106 527 1239 606 propter
1261 518 1349 585 haec
1374 541 1435 586 nos

126 623 247 710 injuste
276 641 447 709 aggressos
483 623 518 687 in
541 643 688 688 carceres
721 625 941 711 conjecerunt,
965 621 1053 709 quod
1074 621 1148 688 illos
1170 623 1311 689 facturos
1349 644 1432 690 nun·

126 749 224 815 quam
247 726 400 815 suspicati
422 726 550 810 fuimus,
574 737 606 792 et
621 727 718 811 juxta
750 726 832 794 illud
854 725 1021 794 decretum
1055 747 1115 792 nos
1138 748 1267 814 semper
1288 727 1432 796 fideliter

127 841 160 898 et
181 826 317 898 sineere
338 817 509 918 gessimus,
542 831 624 897 illud
645 854 707 898 nec
728 831 763 896 in
781 832 918 904 ¹minimo
950 831 1240 916 transgredientes,
1266 833 1334 898 imo
1358 854 1432 899 sae·

126 936 201 1024 pius
237 935 472 1018 admonuimus,
496 948 539 1000 ne'
561 937 711 1003 omuibus
749 935 877 1001 clericis
899 943 989 1001 tanta
1009 935 1144 1000 libertas
1166 935 1364 1020 admittatur,
1387 934 1458 1002 ‚inv

126 1039 341 1122 tumultuosis,
365 1039 654 1106 exardescentibus
677 1039 897 1116 concionibus,
919 1039 978 1104 sed
1000 1060 1078 1125 erga
1113 1038 1197 1118 illos,
1229 1041 1314 1106 sicut
1350 1041 1432 1108 alios

123 1145 222 1233 juxta
255 1144 432 1230 decretum,
464 1154 496 1211 et
532 1145 643 1236 nostra
660 1147 846 1233 juramenta
877 1165 937 1232 pro
959 1143 1045 1210 bono
1067 1141 1164 1231 hujus
1194 1145 1338 1211 civitatis
1372 1169 1432 1213 nos

127 1271 300 1336 geramus;
325 1251 382 1316 aod
415 1250 450 1315 in
472 1249 523 1314 his
545 1248 627 1315 nihil
640 1274 643 1279 ’
656 1248 801 1315 obtinere
822 1250 995 1336 potuimus.
1030 1246 1127 1328 Quod
1149 1257 1256 1314 autem
1288 1266 1334 1315 ex
1369 1250 1431 1316 hac

75 1376 79 1381 ·
131 1375 231 1420 causa
254 1354 375 1420 factum
410 1377 483 1421 esse
505 1355 724 1441 agnoscimus,
745 1361 782 1418 ut
803 1375 961 1442 personae
985 1352 1145 1439 quaedam
1166 1375 1227 1440 per
1248 1353 1431 1421 discordias

127 1457 343 1525 substantiam
363 1462 413 1525 rei
435 1460 551 1525 falsam
575 1460 639 1527 sibi
660 1468 882 1548 procurantes,
904 1460 987 1524 iram
1011 1467 1044 1524 et
1064 1455 1227 1524 invidiam
1241 1468 1356 1525 contra
1370 1481 1430 1525 nos

123 1667 219 1733 modo
258 1668 387 1735 efficere
410 1691 475 1734 nou
498 1671 655 1738 valentes.
698 1669 750 1735 Ad
774 1669 837 1734 hoc
873 1690 976 1756 usque
999 1677 1126 1754 tempus
1150 1675 1258 1731 autem
1292 1667 1431 1734 admini-

125 1780 243 1838 strator
265 1773 380 1840 Gallus
404 1797 477 1839 cum
500 1773 640 1861 quodam
664 1774 752 1841 clero
775 1796 832 1839 suo
855 1795 915 1838 nos
938 1774 971 1837 in
998 1769 1210 1837 concionibus
1234 1772 1303 1835 suis
1327 1773 1431 1838 inces-

127 1885 248 1960 santer,
271 1877 391 1961 dolose,
427 1879 550 1966 injuste
579 1888 611 1944 et
643 1879 725 1945 false
760 1878 957 1964 aggreditur,
980 1878 1144 1963 vituperat
1181 1883 1214 1939 et
1243 1873 1431 1939 hominibus

122 1981 159 2047 in
180 1980 346 2047 fastidium
372 1981 489 2067 reddit,
511 1984 701 2071 proditores,
724 1983 903 2049 homicidas
927 1991 960 2047 et
980 1988 1223 2066 consumptores
1251 1977 1432 2078 appellans,

121 2084 267 2151 homines
289 2087 458 2172 instigans,
493 2096 528 2152 ut
561 2090 693 2174 sanguis
726 2097 837 2153 noster
869 2088 1037 2152 moriendo
1073 2082 1266 2166 effundatur,
1305 2082 1431 2149 addam
1459 2118 1462 2125 ·

123 2188 374 2268 administrator,
399 2211 472 2256 cum
495 2190 745 2257 adhaerentibus
768 2192 856 2257 suis:
879 2190 967 2255 Ecce
1000 2189 1090 2254 chari
1112 2187 1277 2253 homines!
1302 2187 1340 2252 hi
1377 2188 1431 2253 fla·

120 2295 229 2380 gitiosi
262 2293 457 2359 Piokhartae
490 2316 556 2359 non
577 2295 673 2360 aliter
693 2303 866 2382 potuerunt
903 2294 1120 2382 proditionem
1143 2315 1235 2358 suam
1258 2291 1430 2378 perficere.

119 2397 236 2487 Adhuc
259 2399 400 2485 quinque
433 2420 599 2485 personas,
630 2421 712 2486 quae
745 2398 819 2465 illos
854 2399 1095 2481 custodierunt,
1118 2401 1153 2463 in
1176 2401 1268 2464 curia
1296 2422 1428 2466 veneno

121 2503 190 2569 vita
211 2504 390 2589 privarunt,
413 2513 447 2568 et
467 2502 516 2568 illi
539 2503 580 2568 de
603 2504 654 2569 his
679 2506 828 2588 scientes,
853 2506 900 2569 eis
922 2504 1031 2568 omnia
1057 2503 1266 2571 admiserunt.
1321 2503 1426 2570 Eccu-

121 2614 250 2671 111111
286 2607 434 2690 dicimus,
473 2607 559 2694 quod
582 2608 676 2673 aliter
698 2609 807 2673 omnia
828 2610 962 2674 inventa
1000 2610 1074 2684 sint,
1106 2629 1212 2694 neque
1250 2608 1427 2693 credimus,

121 2718 157 2775 ut
176 2710 319 2798 aliquid,
339 2711 446 2777 simile
467 2712 510 2777 de
532 2712 626 2778 nobis
659 2715 749 2801 juste
770 2713 936 2800 perhiberi
958 2715 1071 2801 possit.
1115 2713 1189 2779 Deo
1221 2713 1309 2776 enim
1347 2721 1427 2778 teste

120 2815 283 2883 affirmare
304 2839 487 2904 possumus,
511 2819 598 2905 quod
620 2819 684 2884 tale
707 2842 872 2906 nunquam
895 2822 930 2885 in
952 2827 1062 2884 mento
1084 2822 1292 2905 gesserimus,
1321 2823 1425 2887 minus

118 2942 198 2989 vero
220 2921 344 3009 aliquid
368 2921 473 2986 simile
497 2925 672 3009 egerimus.

203 3024 287 3092 Item
309 3026 430 3108 dicunt,
453 3027 540 3113 quod
562 3028 680 3114 dogma
701 3050 871 3095 erroneum
892 3052 952 3116 per
975 3027 1160 3094 sacerdotes
1194 3028 1313 3116 impios
1351 3032 1421 3096 Pra-

120 3152 197 3217 gam
218 3130 456 3216 invexerimus3
480 3132 543 3196 hoc
564 3155 677 3198 verum
700 3156 774 3199 csse
796 3136 893 3199 etiam
915 3156 1082 3222 negamus.
1127 3133 1172 3197 Hi
1196 3155 1301 3199 omncs
1341 3137 1425 3201 eninr

120 3234 305 3317 sacerdotes
327 3246 464 3323 excepto
486 3259 551 3302 uno
582 3239 727 3325 parocho
752 3243 824 3328 jam
853 3241 978 3327 Proque
1020 3242 1149 3325 fuerunt
1190 3250 1326 3327 tempore
1358 3241 1425 3329 pri·

117 3340 213 3404 matis
235 3341 382 3426 magistri
404 3341 532 3425 Posset,
556 3343 611 3429 qui
633 3343 756 3430 aliquot
777 3345 872 3408 annis
895 3345 1018 3431 primus
1040 3344 1154 3424 fuerat,
1184 3349 1216 3407 et
1238 3341 1343 3430 aliqui
1368 3367 1425 3412 co-

115 3466 197 3528 rum,
218 3446 275 3531 qui
296 3467 356 3510 nos
378 3445 525 3532 aggressi
547 3457 623 3513 suut
644 3447 793 3536 (quorum
826 3471 910 3514 unus
932 3449 1028 3534 tha
1050 3457 1124 3530 est),
1156 3465 1269 3521 eontra
1310 3459 1436 3529 volun·

119 3556 217 3614 tatem
252 3548 394 3616 consulis
417 3559 450 3615 11
471 3560 603 3617 senatus
627 3553 814 3618 sacerdotes
848 3553 930 3618 tales
952 3554 994 3618 ad
1016 3556 1186 3641 parochias
1208 3561 1341 3646 ipsimet
1368 3587 1422 3652 pe.

117 3652 258 3718 tulanter
295 3664 548 3741 assumpserunt,
582 3664 679 3742 prout
700 3655 757 3720 toti
778 3655 851 3721 urbi
888 3666 1000 3722 notum
1030 3671 1087 3727 est.
1132 3661 1309 3731 Praeterea
1347 3667 1422 3735 dum

116 3755 151 3821 hi
187 3755 371 3822 sacerdotes
391 3756 518 3844 Pragae
540 3779 731 3846 permanere
766 3759 956 3844 noluissent,
980 3762 1037 3827 se'd
1060 3764 1150 3831 abire
1194 3769 1421 3858 intendissent,

118 3863 195 3948 quia
215 3860 387 3926 noluerunt
409 3863 543 3928 subesse
565 3863 694 3929 decreto
717 3866 889 3947 communi,
928 3888 988 3930 nos
1015 3870 1114 3933 etiam
1136 3871 1258 3938 abitum
1292 3876 1421 3944 illorum

75 3984 78 3990 ·
117 3988 183 4032 non
219 3965 486 4051 aestimavimus3
525 3967 583 4032 sed
619 3968 774 4055 magister
810 3969 935 4034 Passek
966 3992 1024 4057 pro
1048 3981 1125 4039 tuno
1146 3978 1320 4064 primarius
1347 4002 1422 4046 cum

116 4070 190 4138 aliis
211 4068 345 4136 eosdem
367 4071 528 4138 adhortati
561 4075 637 4138 sunt
673 4083 705 4139 et
726 4074 920 4160 petiverunt,
956 4085 992 4140 ut
1022 4075 1128 4165 Praga
1156 4105 1218 4146 aon
1253 4084 1417 4160 recedant,

113 4174 176 4251 sed
197 4172 250 4239 hio
264 4185 484 4263 permaneant,
509 4185 542 4242 11
561 4178 718 4265 populum
730 4177 908 4245 secundum
921 4178 1028 4266 legem
1049 4182 1114 4249 Dei
1131 4185 1303 4259 instruant
1329 4188 1414 4256 Illud

115 4279 254 4366 configit
276 4280 401 4369 aliquot
423 4280 614 4368 septimanis
637 4284 742 4360 citius,
767 4291 940 4370 antequam
962 4308 1021 4351 nos
1044 4290 1192 4374 aggressi
1223 4272 1372 4359 fuissent

203 4383 268 4450 Hic
289 4385 407 4451 Vestra
444 4384 610 4451 Serenitas
646 4387 854 4453 considerare
887 4388 1050 4476 dignetur,
1089 4391 1202 4479 quales
1235 4416 1289 4460 res
1321 4396 1436 4464 rictas¹

119 4486 175 4554 bie
198 4488 293 4555 nobis
316 4489 481 4579 objiciant,
505 4498 538 4555 11
557 4489 729 4578 loquantur
751 4501 864 4560 contra
885 4516 955 4578 nos,
979 4498 1151 4574 stemma,
1173 4520 1260 4584 quae
1281 4501 1412 4588 ipsimet

117 4592 327 4661 instituerunt
361 4602 394 4660 et
416 4596 655 4681 commiserunt,
689 4597 784 4664 nobis
819 4599 979 4686 imputare
1001 4601 1113 4684 velint,
1136 4602 1193 4668 ubi
1215 4604 1348 4692 quidam
1370 4605 1412 4673 de

121 4695 217 4765 nohis
238 4697 304 4768 illo.
317 4707 464 4789 tempore
485 4721 592 4789 neque
613 4701 648 4766 in
672 4700 787 4768 officiis
810 4699 946 4787 fuerant,
968 4726 1192 4795 necunquam
1213 4707 1283 4796 hoa,
1305 4732 1411 4802 usque
