2948 5040
92 142 138 209 Μ

89 311 181 395 dicti,
200 307 409 379 matrimonio
431 303 498 371 sibi·
511 304 698 392 junxisset,
730 324 829 393 quam
860 305 957 371 etiam
991 303 1140 391 Hungari
1173 307 1207 371 in
1228 305 1381 390 reginam

88 416 282 505 Hungariae
305 417 559 494 coronaverunt;
593 418 662 475 tum
689 430 756 474 una
785 430 860 472 cum
893 408 1008 475 eadem
1041 410 1140 475 etiam
1161 408 1203 475 ad
1226 430 1384 475 coronam

88 519 267 588 Bohemiae
288 514 528 604 suscipiendam
552 536 587 579 se
609 513 779 593 convertit,
803 520 836 578 et
850 512 980 578 obviam
992 515 1022 579 ei
1033 516 1202 581 venientes
1218 512 1383 598 Iglaviam

89 627 124 705 in
146 623 266 691 limites
287 621 454 689 Moraviae
476 618 614 685 Bohemi
636 617 776 684 eundem
798 618 833 682 in
856 616 1024 684 dominum
1049 641 1142 685 suum
1155 626 1384 705 susceperunt,

92 737 125 796 et
146 751 221 797 cum
243 727 358 795 eodem
379 727 415 793 in
436 722 627 791 Bohcmiam
648 722 843 809 acPragam
868 744 971 811 usque
987 732 1225 810 processerunt.
1248 720 1382 787 Deinde

94 833 147 899 die
169 832 307 899 Veneris
330 839 403 918 post
425 827 542 893 festum
565 826 599 892 S.
623 826 774 892 Stanislai
798 826 971 892 incidentis
1001 829 1036 892 in
1058 827 1200 894 ecclesia
1223 826 1255 896 S.
1278 827 1384 893 Wen·

94 934 194 1007 cedd
225 936 310 1001 arcis
342 931 528 1018 Pragensis,
561 929 731 1019 deponens
762 929 822 996 sub
852 952 973 997 corona
999 932 1224 1019 juramentum
1252 933 1382 1017 regium

93 1043 153 1107 toti
185 1061 287 1126 regno
316 1037 505 1119 Bohemiae,
540 1033 767 1124 praesentibus
800 1034 950 1101 omnibus
984 1034 1120 1102 statibus
1142 1035 1377 1102 inthronisatus

89 1145 161 1227 fuit,
183 1165 286 1230 agens
303 1151 381 1207 tunc
403 1141 518 1207 aetatis
542 1161 620 1205 suae
642 1160 762 1204 annum
784 1138 947 1205 decimum
968 1141 1115 1228 quintum
1140 1163 1214 1206 oum
1237 1139 1378 1207 dimidio

92 1259 126 1317 et
144 1245 250 1316 tribus
272 1243 449 1328 mensibus,
484 1249 518 1309 et
549 1253 616 1309 tum
646 1265 724 1310 vere
745 1252 779 1309 et
799 1242 943 1332 perfecte
964 1245 1000 1309 in
1021 1266 1132 1331 regem
1156 1253 1189 1311 et
1210 1244 1379 1311 dominum

89 1352 298 1422 confirmatus
316 1350 378 1416 fuit
398 1348 441 1415 ab
472 1349 625 1415 universo
654 1370 764 1434 regno.
810 1347 951 1414 Unicum
973 1347 1080 1417 adhuc
1117 1349 1226 1416 eidem
1262 1349 1380 1434 defuit,

93 1478 213 1544 nempe
234 1463 352 1544 potens
366 1462 401 1521 et
421 1451 602 1541 perfectum
621 1453 779 1538 regimen,
802 1453 880 1539 quia
901 1460 1003 1519 status
1024 1452 1115 1540 prius
1137 1455 1222 1519 inter
1245 1475 1281 1519 se
1300 1477 1378 1520 oon·

90 1562 271 1650 spiranmt3
294 1557 392 1625 multi
415 1558 502 1624 enim
522 1557 644 1622 assueti
667 1564 759 1621 erant
780 1555 867 1640 huic,
890 1565 925 1622 ut
946 1578 1061 1644 parum
1082 1579 1143 1622 rex
1164 1557 1327 1644 gubernet
1350 1565 1382 1624 et

95 1667 241 1751 mandet,
260 1665 327 1732 nisi
347 1667 528 1749 intantum,
550 1671 706 1751 quantum
727 1661 776 1729 ini
797 1665 862 1751 ipsi
883 1665 989 1732 eidem
1011 1661 1083 1748 regi
1104 1658 1314 1748 admiserint3
1338 1683 1381 1729 ex

97 1793 163 1861 quo
184 1770 288 1838 altera
309 1791 407 1836 causa
429 1769 601 1850 emanavit,
623 1789 741 1856 nempe
757 1767 846 1856 quod
858 1791 949 1834 arces
970 1769 1081 1856 regiae
1103 1778 1137 1836 et
1147 1775 1255 1833 castra
1264 1764 1376 1854 aliqua

91 1875 236 1962 obligata
255 1874 393 1952 fuerint,
430 1871 536 1938 adhuc
565 1872 696 1939 vivente
728 1881 821 1959 patre
854 1871 1009 1960 ejusdem.
1043 1873 1136 1938 Haec
1164 1871 1378 1961 possidebant

94 1979 228 2070 quidam
250 1979 292 2045 de
324 1986 411 2044 statu
446 1976 660 2058 dominorum,
695 1982 729 2039 et
755 1973 873 2040 cedere
894 1975 952 2041 illa
973 1977 1045 2064 regi
1066 1976 1250 2060 noluerunt,
1283 1981 1380 2063 prout

90 2084 195 2171 magis
217 2082 352 2150 inferius
368 2081 501 2147 dicetur.
523 2078 671 2145 Tandem
693 2087 801 2145 aetum
824 2078 866 2145 ab
888 2081 1049 2147 universis
1062 2079 1200 2146 statibus
1212 2103 1255 2146 ex
1267 2079 1379 2146 volun·

91 2195 160 2254 tate
179 2188 281 2273 regia,
303 2193 340 2252 ut
359 2185 475 2270 regina
496 2185 530 2249 in
560 2183 740 2249 Bohemiae
768 2205 870 2270 regno
904 2192 1085 2266 coronetur,
1120 2185 1155 2248 in
1185 2185 1238 2251 die
1262 2206 1378 2250 aseen-

90 2293 195 2358 sionis
232 2290 357 2358 Christi
385 2287 534 2377 ejusdem
566 2288 659 2371 anni,
695 2289 731 2353 in
763 2311 828 2376 qua
864 2289 992 2354 actione
1022 2289 1207 2357 discordiae
1239 2308 1377 2376 magnae

89 2400 229 2463 exortae
250 2402 327 2461 sunt
347 2394 433 2459 inter
453 2401 556 2459 status
578 2391 784 2459 dominorum
807 2400 840 2461 et
861 2401 1056 2480 equestrem,
1090 2394 1132 2459 de
1154 2394 1277 2460 honore
1300 2416 1376 2482 por-

89 2498 181 2564 tandi
201 2505 278 2564 ante
298 2519 410 2583 regem
432 2505 465 2563 et
493 2497 642 2583 reginam
673 2505 847 2585 sceptrum,
880 2519 1013 2584 pomum
1036 2519 1169 2565 aureum
1192 2508 1225 2566 et
1248 2522 1376 2582 ensem3

3 2609 9 2622 '
88 2632 166 2677 nam
197 2610 401 2676 dominorum
430 2617 532 2675 status
562 2611 672 2675 omnia
700 2609 764 2676 sibi
792 2611 1005 2697 appropriare
1036 2609 1167 2677 volebat
1174 2656 1183 2691 ,
1221 2617 1255 2675 et
1276 2614 1376 2673 status

90 2716 254 2804 equestris
275 2716 373 2780 etiam
396 2715 552 2780 honorem
574 2714 724 2781 obtinere
747 2712 909 2801 cupiebat,
932 2723 968 2779 ut
990 2714 1113 2802 aliquid
1136 2722 1244 2802 portet
1267 2720 1377 2778 contra

88 2829 230 2886 mentem
253 2819 468 2886 dominorum.
511 2819 620 2907 Atque
643 2817 697 2884 hic
718 2827 791 2884 orta
811 2817 908 2883 radix
930 2827 964 2884 et
974 2821 1102 2885 initium
1118 2818 1248 2885 dissidii
1258 2839 1375 2883 eorum

87 2926 178 2994 Dum
198 2924 282 2990 haec
309 2924 356 2988 ita
387 2923 666 3011 prolongabantur
695 2931 729 2988 et
759 2921 1039 3010 protrahebantur,
1084 2945 1146 2991 rex
1175 2922 1303 2989 habens
1324 2944 1374 3010 pc·

88 3050 149 3096 nes
162 3050 199 3094 se
210 3028 415 3096 consiliarios
438 3050 524 3112 suos,
548 3036 581 3094 et
602 3028 700 3094 etiam
722 3027 880 3116 quosdam
890 3029 1114 3114 Pragensium,
1137 3029 1248 3095 omnia
1265 3036 1374 3115 poten·

88 3141 141 3200 'ter
162 3134 197 3199 in
226 3154 263 3199 se
289 3133 475 3221 assumpsit,
508 3131 690 3221 procedens
718 3129 814 3214 juxta
841 3135 989 3220 reginam
1022 3154 1144 3200 corona
1177 3140 1312 3199 ornatus
1333 3129 1371 3195 ad

91 3237 264 3303 ecelesiam
285 3236 397 3305 Sancti
418 3236 606 3304 Wenceslai
627 3237 662 3301 in
684 3258 761 3302 arce
782 3238 951 3325 Pragensi,
989 3247 1021 3304 et
1052 3245 1186 3326 portans
1209 3245 1370 3325 sceptrum

87 3363 162 3408 cum
184 3363 281 3430 pomo
303 3363 412 3425 aureo,
449 3362 561 3407 ensem
590 3360 669 3406 vero
701 3343 855 3430 princeps
878 3342 1040 3427 Georgius
1070 3341 1300 3427 Marggravius
1323 3339 1371 3405 de·

89 3445 250 3534 portabat,
271 3445 327 3512 die
348 3445 512 3513 dominica
531 3453 607 3531 post
626 3444 850 3511 ascensionem
872 3446 1017 3529 Domini,
1048 3454 1081 3511 et
1100 3445 1159 3510 illa
1180 3446 1236 3511 die
1256 3445 1368 3531 regim

93 3559 248 3618 coronata
268 3549 332 3616 tuit
350 3550 386 3614 in
407 3568 509 3634 regno
531 3547 718 3631 Bohemiae,
752 3557 784 3614 et
812 3551 859 3614 ita
880 3571 941 3615 rex
963 3549 1183 3615 dissensiones
1206 3548 1269 3619 has
1289 3571 1370 3615 com·

90 3655 201 3743 posuit
220 3654 255 3719 in
277 3653 341 3718 hoc
361 3673 464 3737 regno
484 3652 702 3717 inconsuetas.
744 3651 806 3718 Illo
829 3661 975 3740 tempore
1007 3653 1109 3720 multa
1137 3661 1212 3719 acta
1233 3650 1369 3719 suntab

90 3757 243 3827 omnibus
264 3755 402 3824 statibus
424 3753 573 3821 debono
594 3756 685 3842 regio
707 3764 740 3822 et
760 3758 857 3822 totius
879 3758 983 3845 regni,
1006 3755 1369 3845 etpraesertimdecea

93 3863 196 3946 sione,
218 3868 306 3927 certo
326 3858 434 3936 modo,
456 3867 636 3926 castrorum
659 3861 861 3948 quorundam
883 3871 916 3926 et
936 3862 1061 3928 areium
1082 3863 1257 3948 regiarum,
1294 3881 1372 3950 quae

83 3974 202 4032 castm
223 3962 356 4050 quidam
377 3962 419 4028 de
442 3962 577 4029 statibus
599 3964 822 4052 possidebant,
844 3973 941 4052 prout
963 3988 1061 4052 supra
1083 3964 1205 4033 dictmn
1227 3966 1375 4055 estquis

94 4067 259 4136 debitores
282 4074 315 4131 et
334 4066 543 4153 fidejussores
572 4077 718 4155 tempore
746 4067 921 4135 Wladislai
950 4070 1039 4156 regis
1069 4092 1128 4156 pro
1163 4069 1280 4136 eodem
1300 4069 1372 4157 plns

93 4192 192 4263 quam
212 4178 359 4243 trecenta
380 4171 482 4237 millia
503 4194 741 4258 sexagenorum
755 4171 971 4238 Misnensium
981 4173 1175 4241 tenebantur
1185 4174 1371 4241 hominibus

86 4278 124 4345 in
145 4273 313 4341 Bohemia.
356 4275 502 4342 Fuerunt
524 4278 621 4342 etiam
644 4274 782 4342 dissidia
809 4299 929 4362 magna
961 4279 1048 4344 inter
1080 4301 1251 4368 supremos
1282 4276 1375 4367 regni

83 4375 250 4447 'officiales
270 4385 304 4444 et
323 4379 406 4446 alios
428 4380 587 4464 dominos,
621 4388 654 4446 et
676 4381 801 4467 equites
830 4402 873 4446 ex
899 4403 981 4468 una;
1011 4405 1051 4449 ac
1072 4385 1158 4452 inter
1180 4385 1375 4472 Pragensas,

86 4491 121 4552 et
140 4489 243 4550 totum
265 4491 383 4551 statum
404 4485 546 4568 civilem,
567 4491 660 4573 parte
682 4506 726 4550 ex
745 4482 858 4568 altera,
890 4507 934 4553 ex
956 4509 1064 4574 causa,
1095 4490 1172 4578 quia
1193 4498 1299 4557 status
1321 4489 1374 4556 do·

87 4588 250 4656 minorum
279 4599 313 4657 et
339 4591 503 4680 equestris
533 4589 703 4656 tentabant
731 4589 899 4656 destruere
927 4602 1005 4660 ante
1024 4595 1143 4661 multos
1163 4617 1376 4684 praegressos

83 4715 191 4763 maes
212 4695 375 4783 integram
397 4702 516 4761 statum
539 4694 679 4779 ciuilem,
703 4703 737 4761 et
757 4695 794 4760 in
814 4695 926 4764 odium
954 4699 1137 4786 perdueere
1165 4721 1237 4777 non
1250 4710 1376 4785 tantum
