2948 5040
136 148 203 227 224

136 333 234 398 citum
255 324 447 415 accelerare,
469 331 576 447 prout
578 323 683 389 ‘etiam
703 323 780 389 ita
765 342 837 410 Jam
857 321 1061 405 factumest,
1096 317 1281 405 etmipso
1319 323 1426 383 nostro

135 450 310 524 progressu
333 429 506 497 exomni
520 436 604 494 statu
633 430 667 493 in
697 426 854 495 limitibus
876 423 1064 512 Hungariae
1092 421 1241 512 praelati,
1274 441 1427 509 proceres

137 546 170 605 ιι
191 536 247 603 alii
267 534 393 603 incolae
423 535 516 627 regni
538 533 725 621 Hungariae
757 532 800 598 ad
826 552 886 598 nos
917 535 1144 635 pervenerunt,
1181 534 1213 592 et
1247 523 1428 591 secundum

137 641 387 731 transactionem
408 660 467 719 uos
490 644 710 741 susceperunt,
732 636 789 707 ubi
811 643 842 701 et
863 656 923 703 nos
939 633 1062 700 eisdem
1084 628 1182 698 etiam
1196 631 1430 718 obligationem

139 724 321 812 obtulimus.
364 726 432 808 Nos
463 763 541 811 vero
570 732 795 831 observantes,
823 764 925 833 quae.
935 739 1030 806 nobis
1064 737 1243 804 secundum
1270 736 1429 826 justitian

34 914 36 919 .
138 850 353 938 appertinent,
384 848 599 913 intermittere
615 869 684 913 non
706 849 878 935 potuimus
901 845 979 935 quin
1002 867 1076 911 eum
1103 843 1250 910 exercitu
1283 843 1324 907 in
1346 839 1425 919 Raab

138 952 361 1042 procedamus,
384 950 440 1017 ubi
461 950 504 1016 ιιι
526 959 667 1051 castrum
688 953 846 1018 munitum
868 951 1024 1035 misimus,
1054 956 1091 1015 ut
1111 958 1297 1046 castrenses
1323 968 1365 1012 se
1381 966 1429 1011 no·

139 1058 190 1125 bis
211 1042 393 1125 voluntarie
414 1055 589 1144 subjiciant
621 1066 654 1123 et
683 1065 824 1123 castrum
855 1055 992 1138 uadens,
1027 1075 1182 1142 suamque
1203 1052 1340 1118 ruinam
1363 1072 1430 1123 vas·

137 1171 221 1228 ιιιιιιι
254 1184 319 1228 non
341 1159 507 1242 tradendo,
542 1183 608 1226 non
630 1170 838 1250 exspectentJ
871 1160 929 1227 ubi
960 1161 1049 1226 cives
1071 1167 1104 1225 et
1125 1154 1307 1245 capitulum
1340 1153 1431 1220 nobis

141 1266 289 1333 obviam·
307 1273 475 1367 venerunt,
519 1273 551 1329 ιι
585 1286 646 1330 nos
677 1287 736 1352 pro
770 1252 900 1331 domino
936 1256 1147 1353 agnoscentes
1176 1265 1429 1346 assumpserunt

141 1369 282 1452 Quidam
303 1390 380 1435 vero
402 1369 437 1433 in
459 1376 564 1455 castre
585 1367 707 1433 occlusi
730 1390 765 1433 se
787 1390 951 1457 epponem
983 1374 1020 1433 et
1044 1365 1218 1433 defendere
1240 1363 1430 1442 voluerunt;

140 1475 243 1542 altera
271 1495 350 1540 vero
372 1472 425 1538 die
446 1493 551 1556 mane,
584 1472 661 1549 dum
691 1466 831 1571 castrum
864 1482 973 1562 oppdg
974 1468 1139 1555 caremus,
1166 1468 1287 1536 videns
1310 1467 1430 1535 castelli

138 1578 334 1668 praefectus,
355 1577 479 1642 nullum
503 1599 574 1643 esse
590 1566 713 1665 jocum,
744 1575 883 1666 subjecit
905 1601 940 1644 se
961 1578 1065 1661 nobis,
1088 1578 1262 1664 antequem
1299 1594 1344 1638 ex
1366 1595 1431 1637 eas·

144 1684 202 1748 tris
224 1705 283 1748 nos
306 1688 517 1766 moveremus,
548 1689 582 1746 et
613 1704 722 1748 arcem
755 1681 813 1771 seia
847 1681 1138 1749 castellum'nobis
1167 1677 1317 1761 tradidit,
1352 1674 1432 1765 quod

141 1787 230 1854 illico
252 1788 354 1853 milite
375 1795 486 1859 nostro
507 1785 724 1874 implevimus,
754 1778 932 1853 exereitum
954 1786 1061 1853 autem
1082 1795 1229 1869 nostrum
1251 1804 1321 1848 uno
1343 1780 1431 1847 milli·

136 1894 188 1958 ·ari
212 1890 331 1959 abinde
352 1880 592 1974 collocavimus,
614 1892 649 1955 in
672 1886 804 1957 castelle
826 1914 903 1959 vero
926 1892 1032 1958 adhue
1048 1891 1161 1957 eadem
1182 1889 1236 1956 die
1257 1889 1430 1980 prandium

140 1990 344 2084 sumpsimus.
387 1994 464 2061 Post
485 1995 565 2061 duae
579 1995 668 2077 ·‘dies
701 1980 894 2063 Gomorram
929 1994 1123 2078 obsedimus,
1157 2004 1189 2060 et
1211 1994 1292 2060 dum
1325 1993 1432 2062 urbem

142 2101 271 2168 ιιιιιιιι
292 2100 481 2184 noluissent,
515 2110 627 2166 eontra
661 2111 787 2167 nostras
821 2101 931 2191 copias
954 2099 1114 2189 (attamen
1137 2100 1208 2167 sins
1230 2099 1372 2188 damno)
1388 2100 1431 2186 ja

141 2206 297 2290 calantes,
331 2205 445 2271 eodem
467 2205 574 2272 adhuc
594 2206 779 2294 vespertino
802 2216 946 2295 tempore
975 2222 1074 2273 unum
1103 2205 1192 2272 mille
1214 2188 1362 2271 militum
1381 2223 1431 2292 per

63 2312 66 2319 '
139 2309 328 2376 Danubium
350 2310 515 2376 transvehi
531 2312 699 2398 jussimus,
730 2320 775 2389 ιιι,
810 2310 887 2377 dum
908 2312 992 2377 muri
1019 2311 1161 2378 civitatis
1187 2309 1352 2376 destructi
1372 2308 1427 2374 fue

140 2416 214 2498 rint,
232 2410 408 2502 jaculando
427 2415 642 2502 irruptionem
665 2423 823 2480 attentare
852 2412 1000 2501 valeant3¹
1033 2418 1213 2482 metuentes
1242 2423 1361 2482 autem
1380 2410 1430 2493 illi,

108 2551 113 2560 ·
141 2540 183 2583 ne
204 2518 307 2583 nostri
328 2517 454 2605 pedites
475 2517 672 2605 praesidium
694 2518 816 2585 ibidem
838 2521 1015 2608 acquirant,
1050 2528 1162 2585 contra
1183 2539 1259 2585 suos
1297 2527 1426 2586 tormen·

141 2631 245 2688 torum
269 2630 301 2687 et
323 2622 536 2710 sclopetorum
558 2624 652 2706 ictus,
674 2645 733 2688 nos
755 2610 909 2691 veronen
932 2623 988 2690 diu
1004 2632 1239 2691 commorantes
1261 2623 1368 2690 alters
1381 2620 1429 2687 die

141 2748 235 2792 mane
257 2734 333 2799 ante
354 2725 431 2792 solis
452 2735 556 2793 ortum
578 2737 777 2815 opponentes
798 2727 865 2793 illis
886 2737 1046 2796 tormenta
1068 2738 1155 2795 trans
1170 2727 1367 2794 Danubium
1387 2725 1432 2792 di-

141 2832 280 2917 ligenter
301 2840 334 2895 et
354 2832 474 2896 acriter
489 2831 726 2919 jaculabamur,
763 2833 809 2897 ita
843 2841 879 2899 ιιι
900 2832 1025 2903 castelli
1056 2833 1189 2920 vigiliae
1210 2834 1245 2898 in
1279 2835 1385 2921 portis
1407 2842 1433 2899 et

142 2935 222 3001 locis
235 2937 311 3000 -suis
343 2936 519 3002 subsistere
555 2959 619 3003 non
642 2939 815 3027 potuerint.
848 2938 934 3004 Nam
969 2939 1137 3005 castellum
1176 2961 1218 3004 ex
1253 2960 1323 3004 una
1347 2924 1433 3027 parts

142 3038 237 3106 valde
260 3039 365 3127 globis
389 3036 621 3107 tormentorum
642 3041 886 3128 destruebatur'3
919 3064 1030 3111 murus
1053 3046 1140 3110 enim
1161 3043 1202 3110 ab
1225 3043 1347 3110 iisdem
1371 3043 1430 3131 glo·

113 3183 119 3206 t
142 3144 257 3210 borum
278 3146 398 3213 ictibus
420 3155 505 3213 totus
527 3147 706 3235 perforatus
734 3147 811 3232 fuit,
834 3157 877 3215 etv
890 3150 917 3213 si
939 3148 1045 3214 adhuc
1059 3149 1182 3237 aliquot
1202 3149 1288 3215 ie'tus
1312 3171 1357 3215 ex
1378 3158 1434 3215 tor

144 3251 261 3315 mentis
283 3249 360 3316 facti
381 3250 528 3347 fuissent,
556 3270 676 3339 magna
696 3275 772 3339 pars
793 3253 877 3320 arcis
900 3255 1084 3321 corruisset.
1126 3253 1326 3340 Oapitaneus
1360 3275 1433 3322 vero

146 3377 219 3421 cum
242 3356 308 3421 suis
331 3356 443 3443 copiis,
468 3357 523 3443 qui
545 3357 578 3422 in
600 3378 676 3422 arce
697 3357 811 3440 fuerat,
834 3381 1025 3445 agnoscens,
1046 3358 1133 3446 quod
1148 3361 1246 3424 tantis
1268 3359 1433 3431 violentiis

145 3458 265 3526 diutius
287 3461 438 3525 resistere
458 3482 523 3525 non
545 3461 656 3548 possit,
679 3461 720 3527 de
742 3485 817 3528 arce
839 3463 1015 3529 clamantes
1037 3465 1072 3528 in
1094 3466 1230 3565 gratiam
1254 3473 1288 3530 et
1310 3465 1432 3553 disgre-

147 3565 224 3630 tiam
248 3586 282 3628 se
312 3562 406 3629 nobis
429 3563 645 3652 subjecerunt,
679 3566 824 3654 adeoque
858 3576 926 3633 cast
914 3568 1025 3633 tellum
1058 3567 1218 3634 illudt
1170 3591 1204 3635 m
1206 3577 1256 3635 ιιι
1292 3571 1432 3658 spatium

147 3673 280 3758 quinqua
310 3670 491 3735 berorum
481 3692 514 3735 m
549 3670 786 3789 possessionem
819 3672 885 3765 ιιι
863 3675 1016 3739 tmuimus
1026 3678 1083 3739 ιι
1110 3673 1205 3739 militi
1234 3683 1348 3741 nostro
1378 3675 1431 3740 im

145 3771 313 3859 plevimus

227 3875 389 3943 Abinde
380 3901 414 3942 ιιι
442 3880 501 3943 Tot
521 3878 656 3945 militem
679 3840 823 3947 nostrum
847 3883 1003 3968 misimus,
1037 3885 1072 3947 in
1094 3903 1158 3971 quo
1181 3881 1316 3950 castello
1339 3881 1432 3968 burg·

146 3982 250 4066 gravii
284 4005 320 4047 se
358 3982 488 4070 quidem
520 4004 580 4070 pro
614 3984 804 4053 defensione
830 3997 1117 4077 praeparaverunt,
1155 3989 1337 4055 servientes
1360 4007 1433 4054 vero

141 4080 270 4165 milites,
296 4091 359 4175 qui
382 4111 455 4153 eum
477 4088 558 4176 ipsis
581 4090 719 4171 fuerant,
753 4094 887 4159 audient
875 4103 925 4159 tes
954 4102 1242 4161 tormentorumet
1276 4094 1432 4182 sclopeto·

142 4212 213 4256 rum
236 4201 280 4256 ιι
283 4215 329 4274 us,
361 4195 418 4278 qui
451 4193 528 4258 facti
560 4204 635 4260 suut
656 4221 715 4285 per
737 4201 897 4264 nostros
888 4222 923 4263 ιιι
946 4196 1109 4264 Gomorra
1145 4219 1231 4281 aree,
1269 4198 1365 4264 multi
1398 4218 1433 4261 ex

143 4305 213 4360 cast
200 4285 276 4360 tello
298 4306 512 4362 recesserunt
552 4299 749 4388 Burggravli
772 4327 850 4370 vero
873 4312 967 4393 praet
968 4328 1003 4370 er
954 4303 1232 4371 tvoluntatem
1255 4305 1433 4393 capitaneo-

142 4426 214 4469 rum
237 4413 270 4468 ιι
292 4406 502 4471 servientium
535 4406 703 4473 castellum
730 4408 824 4474 nobis
847 4407 1062 4494 tradiderunt,
1098 4408 1183 4521 quod
1218 4409 1317 4475 etiam
1348 4429 1433 4498 prae·

144 4507 227 4573 sidio
249 4509 424 4596 providere
447 4510 573 4597 dignati
594 4512 724 4577 fuimus.

228 4613 375 4679 Tandem
397 4618 616 4703 processimus
646 4639 759 4683 versus
782 4618 844 4684 Ost
831 4626 966 4704 tregom,
1002 4619 1036 4684 in
1074 4638 1137 4707 quo
1175 4619 1311 4687 castello
1345 4620 1434 4710 eopia

139 4738 261 4804 magna
283 4719 434 4806 militum,
457 4722 674 4790 munitionum
697 4730 729 4789 et
749 4721 888 4791 aliarum
910 4745 1019 4792 rerum
1041 4724 1302 4793 necessariarum
1324 4725 1366 4794 ad
1391 4725 1434 4792 fu·
