2948 5040
1307 148 1371 220 tel

80 320 216 390 efficere
236 317 319 386 nihil
328 321 480 409 potnerit,
490 326 524 388 et
533 320 578 389 ed
592 340 677 411 quae
688 338 725 387 se
734 319 769 386 in
794 319 1026 388 communitate
1037 340 1111 387 cum
1124 319 1199 388 eliis
1213 318 1376 403 obtulerit,

80 449 171 518 quae
192 425 376 513 Pragenses
398 427 565 515 suscipere
578 426 766 510 noluerunt,
780 431 969 492 revocantes
991 447 1026 492 se
1036 426 1178 492 inaniter
1188 423 1373 513 ad‘regesn,

79 535 111 599 si
131 548 252 618 nempe
272 532 555 618 rexpraeceperit
577 531 651 597 Rex
665 552 740 597 cum
757 527 950 595 consiliariis
961 530 1029 595 suis
1049 529 1131 597 baec
1151 526 1373 617 considerans,

79 635 170 724 quod
202 635 386 728 Pregenses
421 637 511 701 omni
535 652 641 724 aequo
662 643 696 701 et
723 635 815 723 justo
837 632 1069 719 contradicant,
1092 642 1126 703 et
1147 635 1181 700 in
1198 656 1262 701 suo
1284 636 1372 704 malo

78 741 258 832 proposito,
295 747 392 828 prout
436 741 637 828 inceperunt,
681 739 893 828 pertinaciter
927 732 1156 827 perseverent,
1195 740 1374 809 extradidit

80 842 235 914 omnibus
272 842 424 909 exulibus
449 843 580 910 salvum
614 843 809 911 conductum
844 842 887 927 de
922 840 998 908 dato
1031 841 1086 909 die
1122 844 1261 913 Veneris
1297 857 1374 937 post

80 950 202 1017 testim
211 946 414 1014 S.Bonifacii
423 945 488 1034 (11.
499 946 833 1038 Jun.)ejusdemanni
847 944 1054 1034 1529,usque
1065 946 1109 1013 ad
1125 950 1263 1017 actionis
1274 951 1371 1042 hujus

79 1055 199 1131 finenm
229 1061 267 1118 ut
301 1050 390 1140 apud
417 1073 537 1119 uxores
559 1060 593 1120 et
612 1051 723 1141 proles
745 1073 821 1118 suas
842 1050 878 1121 in
899 1048 1050 1116 domibus
1072 1061 1106 1118 et
1123 1052 1222 1120 bonis
1245 1058 1315 1122 suis
1335 1060 1372 1127 in

80 1157 235 1225 omnibus
256 1153 443 1222 civitatibus
464 1155 683 1244 Prageneibus
705 1165 736 1222 et
762 1154 950 1242 ubicunque
977 1152 1058 1220 alibi
1090 1155 1238 1225 habitare
1259 1168 1293 1226 et
1314 1183 1374 1229 sua

78 1261 215 1348 negotia
235 1258 338 1326 libere
360 1268 499 1326 tractare
520 1263 656 1350 possint,
679 1261 751 1327 sine
771 1261 862 1326 omni
883 1257 1021 1325 aliorum
1041 1252 1283 1350 impedimento,
1295 1287 1370 1333 cum

79 1365 276 1452 exceptione
297 1371 407 1428 tamen
423 1363 519 1451 juris,
542 1366 572 1459 si
601 1365 675 1450 quis
703 1363 777 1430 illos
809 1364 846 1429 in
866 1385 903 1429 re
935 1362 1074 1449 quadam
1104 1387 1242 1453 arguere
1262 1370 1372 1438 vellet.

79 1469 148 1553 Qui
168 1467 279 1535 salvus
300 1466 480 1534 conductus
501 1468 578 1534 dum
600 1467 716 1534 allatus
737 1468 863 1552 ficisset,
884 1458 920 1533 in
942 1488 1005 1555 quo
1017 1471 1126 1536 omnia
1137 1471 1270 1540 foedera
1295 1475 1373 1542 Pra-

78 1575 232 1664 gensium
252 1592 314 1639 rex
335 1572 505 1660 abrogavit
526 1581 558 1638 et
579 1573 721 1639 cassavit
731 1592 791 1637 ssa
802 1572 895 1660 regia
904 1581 1073 1662 potestate,
1095 1575 1131 1641 in
1145 1559 1276 1663 quaese
1301 1600 1371 1645 sae·

78 1682 157 1770 pius
189 1687 424 1746 revocaverant
453 1684 486 1742 et
505 1676 723 1760 firmaverant,
756 1683 835 1741 tunc
856 1675 909 1742 die
930 1675 1045 1743 Martis
1066 1685 1142 1744 ante
1159 1680 1311 1768 'vigiliam
1333 1682 1368 1749 S.

80 1785 222 1853 loannis
242 1782 411 1871 Baptistae
423 1780 593 1870 (mun.)
614 1789 835 1847 convocarunt
855 1780 1041 1866 Pragenses
1062 1781 1096 1846 in
1117 1791 1255 1872 utraque
1277 1785 1367 1852 curia

80 1889 205 1955 Vetere
217 1884 484 1953 etNeo·Urbensi
495 1885 768 1969 communitatem,
792 1894 825 1952 et
835 1883 913 1951 dum
923 1884 980 1951 ille
1000 1883 1113 1950 salvus
1133 1882 1314 1955 cenductns
1329 1889 1373 1956 ad

78 1992 345 2061 communitatem
366 1992 402 2056 in
423 1990 519 2057 Nova
550 1972 683 2055 civitate
705 1989 832 2056 delatus
859 1989 984 2074 fuisset,
1005 1990 1081 2057 *sine
1103 1992 1197 2057 omni·
1214 1989 1373 2061 dilatione

81 2104 295 2165 assenserunt
316 2104 350 2161 et
370 2095 476 2162 locum
498 2092 591 2160 salvo
612 2092 791 2160 conductui
812 2092 975 2160 dederunt
995 2097 1066 2162 sine
1088 2095 1178 2161 omni
1200 2094 1372 2165 discordia.

79 2203 121 2269 ln
141 2200 287 2288 Antiqua
309 2221 386 2267 vero
407 2199 489 2265 urbe
509 2191 704 2286 inceperunt
725 2196 857 2286 quidam
879 2197 921 2263 de
942 2196 1068 2264 Passek
1080 2199 1250 2265 consociis
1267 2199 1374 2267 adbuc

82 2305 326 2388 contradicere,
358 2303 507 2371 utillum
537 2305 719 2371 annihilare
749 2304 891 2392 possint,
919 2300 1002 2368 nihil
1036 2311 1145 2370 tamen
1181 2304 1374 2391 effecerunt,

88 2432 152 2500 quo
170 2409 286 2476 habito·
304 2408 396 2476 salvo
414 2408 581 2477 conductu
602 2431 702 2499 saepe
722 2409 883 2475 nominati
906 2416 1044 2497 quatuor
1065 2429 1140 2474 cum
1160 2407 1235 2475 aliis
1264 2410 1375 2476 exuli-

85 2516 145 2584 bus
167 2515 287 2582 statim¹
300 2514 441 2601 Pragam
462 2515 675 2600 advenerunt,
698 2514 792 2602 quasi
814 2535 858 2579 ex
878 2513 1069 2601 captivitate
1088 2508 1301 2602 Babylonica,
1321 2537 1374 2581 ea·

79 2620 157 2688 dem
178 2619 286 2688 adbuc
308 2619 362 2686 die
382 2619 427 2685 ad
447 2619 560 2688 domos
582 2629 615 2687 et
635 2620 723 2697 buna
740 2640 807 2702 sue,
829 2638 1023 2706 responsum
1044 2615 1169 2684 nullum
1191 2608 1375 2706 a'Pragen·

83 2726 178 2794 sibus
199 2732 438 2813 exspectantes,
460 2725 497 2789 in
526 2723 736 2813 opprobrium
757 2722 962 2788 inimicorum
984 2742 1115 2788 suorum
1152 2729 1186 2788 et
1213 2743 1280 2789 non
1302 2723 1374 2788 exi·

77 2835 180 2920 guam
200 2828 351 2896 dolorum
384 2828 515 2895 sucrum
549 2829 801 2906 alleviationem,
836 2826 870 2891 in
892 2824 1029 2891 aliorum
1051 2837 1130 2894 ver'o
1151 2825 1239 2893 bona
1259 2826 1374 2894 faven-

77 2937 162 3003 tium
192 2955 345 3021 magnam
380 2933 646 3002 consolationem.
700 2932 926 2999 Perdurabant
955 2939 1065 2998 autem
1099 2930 1231 3019 quidam
1261 2953 1282 2997 a
1314 2925 1373 2999 suo

78 3043 191 3128 Praga
224 3040 314 3105 exitu
352 3039 387 3103 in
417 3038 651 3104 contumelioso
684 3059 742 3103 suo
776 3038 875 3104 exilio
910 3044 1020 3125 (prout
1047 3034 1208 3110 dominus·
1230 3034 1375 3104 Joannes

78 3146 229 3228 Hlavvsa,
265 3142 403 3226 Schorff,
437 3125 598 3231 bipeeky)
630 3163 651 3207 a
683 3142 738 3207 die
759 3142 872 3209 Sancti
893 3140 1064 3213 Laurentii
1085 3143 1164 3208 anni
1190 3140 1275 3208 1524
1296 3163 1374 3226 qua·

78 3259 155 3316 tuor
187 3249 283 3314 annis
307 3268 381 3313 cum
414 3245 559 3330 dimidio,
583 3253 616 3312 et
636 3247 863 3314 novemdecim
884 3245 1085 3334 septimanis,
1106 3245 1264 3313 aliivero
1296 3265 1374 3334 qua·

79 3364 156 3421 tuor
175 3354 280 3436 annis,
302 3350 485 3418 octodecim
515 3352 716 3439 septimanis,
740 3362 774 3419 et
796 3352 921 3419 duobus
944 3347 1139 3439 diebus,alii
1160 3352 1277 3417 iterum
1291 3370 1370 3417 uon·

78 3457 163 3524 nihil
194 3457 353 3529 breviori,
369 3464 517 3545 tempore
562 3479 583 3524 a
615 3456 711 3524 bonis
732 3468 765 3525 et
785 3459 900 3527 amicis
922 3462 990 3528 suis
1011 3457 1207 3531 abfuerunt¹
1238 3454 1372 3522 Vetero-

79 3561 300 3650 Pragensibns
331 3582 410 3627 vero
431 3560 529 3628 valde
568 3560 744 3651 displicuit,
767 3564 854 3652 quod
881 3587 943 3632 rex
964 3585 1076 3632 eorum
1096 3559 1237 3629 foederis
1258 3558 1373 3626 literas

81 3676 244 3758 potestate
276 3689 335 3733 sua
354 3668 446 3753 regia
468 3665 705 3736 annihilaverit
714 3668 874 3736 Miserunt
885 3693 963 3760 ergo
976 3667 1203 3738 eidem-literas
1214 3663 1374 3730 Bohemo·

85 3773 282 3841 Budvicium
326 3772 368 3837 ed
409 3772 541 3837 comitia
577 3770 632 3837 die
670 3771 780 3840 Sancti
812 3773 936 3842 Kilieni
966 3774 1129 3843 celebrata
1168 3771 1225 3861 (de
1258 3766 1375 3858 quibus

83 3877 182 3967 paulo
215 3885 289 3966 post
310 3875 449 3964 dicetur)
482 3878 704 3963 peccantias
737 3878 779 3944 de
801 3889 915 3947 senatu
937 3902 995 3948 suo
1016 3887 1176 3971 petentes,
1197 3884 1233 3942 ut
1262 3895 1374 3947 eornm

84 3983 227 4050 foederis
262 3981 372 4047 literas
395 3982 511 4047 iterum
538 3981 717 4068 confirmet,
752 3983 909 4070 dicentes,
940 3981 1064 4051 inillis
1086 4004 1158 4050 esse
1180 3981 1376 4049 christianos

81 4087 236 4156 articulos
274 4095 385 4152 contra
417 4086 564 4152 homines
594 4074 776 4161 haereticos
808 4099 842 4156 et
863 4112 1027 4174 erroneos,
1055 4086 1173 4177 quibus
1195 4085 1299 4152 literis
1320 4082 1377 4149 ite·

80 4214 154 4260 rum
187 4213 351 4258 venenum
380 4189 476 4256 melle
510 4191 677 4263 conditum
703 4193 854 4261 exulibus
874 4201 1118 4283 praepararunt,
1139 4200 1177 4259 ut
1197 4211 1233 4256 se
1254 4209 1374 4278 nempe

81 4298 133 4363 hie
167 4317 325 4362 excusare
360 4295 494 4383 possint,
524 4295 612 4384 quod
644 4306 756 4363 contra
776 4298 864 4366 hune
886 4307 1085 4367 contractum
1107 4304 1140 4363 et
1172 4316 1373 4384 consequen.-

83 4412 134 4469 ter
155 4409 269 4467 contra
290 4399 447 4465 honorem
469 4421 563 4467 suum
585 4403 834 4469 conventionem
857 4403 1061 4471 amicabilem
1074 4399 1284 4473 cumeisdem
1303 4397 1374 4465 nul·

83 4511 149 4577 lam
172 4512 256 4576 inire
277 4509 418 4597 possint,
457 4506 563 4600 Super
585 4528 665 4595 quas
695 4529 805 4575 eorum
839 4509 949 4576 literae
977 4509 1090 4576 datum
1110 4506 1172 4573 fuit
1193 4505 1261 4572 illis
1282 4501 1372 4570 debi-

84 4625 153 4682 tum
177 4623 209 4680 et
244 4611 442 4699 condignum
470 4631 663 4699 responsum
693 4612 850 4699 seriptum
883 4615 969 4679 inter
1002 4622 1132 4681 caetera
1165 4610 1231 4677 hoc
1262 4629 1375 4674 sensu:

83 4720 171 4813 quod
200 4721 285 4788 siout
315 4720 417 4808 prius,
449 4719 498 4786 ita
522 4725 557 4786 et
576 4738 665 4784 nunc
696 4715 779 4789 illud
802 4720 1020 4808 conscriptum
1043 4738 1157 4787 eorum
1175 4712 1295 4783 foedus
1312 4733 1384 4779 rex
