2948 5040
1288 176 1352 259 idi

57 371 141 437 satis
174 366 344 436 inhoneste
367 389 443 436 cum
465 370 551 459 turpi
572 367 727 436 infamiae
747 366 878 435 macula
899 386 936 433 sc
956 362 1122 432 retrahere
1143 362 1264 432 debuit
1286 361 1355 430 Ab·

58 475 139 542 inde
160 477 195 541 in
217 475 381 559 Saxoniae
402 476 566 542 civitatem
587 473 858 561 Wittembergam
895 470 938 538 ad
966 470 1156 556 magistrum
1184 469 1371 551 Mortuum

55 578 230 645 hillarum
269 579 435 646 doctorem
467 580 549 666 legis
582 579 713 646 divinae
749 601 785 644 se
816 576 948 665 recepit,
984 575 1042 640 ubi
1078 576 1220 662 speciem
1256 575 1361 664 hypo·
1427 623 1435 641 .

58 685 159 749 critae
182 704 360 768 assumens,
384 685 477 772 quasi
504 683 670 751 ferventer
689 684 859 748 veritatem
881 669 975 768 'legis
1014 677 1136 747 Christi
1157 687 1357 771 sequeretur,

60 789 231 854 sciscitans
252 788 288 854 iu
317 788 379 854 hac
400 788 492 873 urbe,
514 797 547 855 et
582 808 741 876 quaerens
763 786 851 876 apud
872 787 980 852 varios
1009 783 1096 850 vitae
1124 785 1297 870 magistros
1319 781 1362 848 de

56 900 148 958 reeta
168 894 316 978 veritate,
331 884 399 959 ¹sub
423 891 507 959 falsa
529 901 561 959 et
582 891 690 959 velata
721 892 913 974 intentione,
949 886 1036 978 quod
1066 886 1184 953 deinde
1212 887 1386 983 ipsemet‚'

56 995 136 1061 dum
164 996 305 1082 Pragem
336 1018 487 1063 reversus
519 995 644 1079 brissei,
666 995 772 1063 fassus
805 994 881 1078 fluit,
903 993 1043 1059 dicens:
1066 990 1149 1060 illud
1183 990 1357 1082 plurimum

56 1098 133 1165 idco
155 1098 289 1184 fecisse,
327 1110 358 1166 et
386 1123 422 1166 se
454 1100 541 1188 apud
572 1098 752 1166 [authorum
783 1098 971 1182 detinuisse,
1003 1105 1040 1164 ut
1074 1096 1194 1164 resciat
1222 1097 1359 1186 perinde

57 1203 206 1292 ejusdem
229 1213 262 1270 et
283 1204 418 1271 aliorum
441 1204 691 1285 consuetudines
722 1203 956 1286 Pickbarticas,
986 1201 1124 1291 illasque
1147 1220 1359 1289 cognoscens,

44 1307 185 1374 ¹facilius
206 1329 374 1374 aceessum
395 1309 656 1396 invenirepossit
675 1306 718 1374 ad
740 1305 952 1374 destruendos
976 1313 1142 1394 suspectos
1155 1304 1360 1395 Pickhartas,
1444 1312 1447 1317 ⁴

56 1419 155 1501 prout
177 1412 275 1478 etiam
296 1411 416 1479 deinde
430 1412 512 1480 illud
526 1414 642 1491 effecit,
666 1410 1138 1501 quodosculofiliumbominis
1160 1409 1362 1509 prodiderit3

58 1530 92 1586 et
114 1516 237 1583 ibidem
272 1517 450 1584 secundum
483 1517 619 1586 aliorum
651 1517 842 1585 relationem
873 1516 1039 1582 hominum
1070 1517 1248 1604 permansit
1277 1516 1362 1584 ultra

56 1644 158 1689 unum
182 1621 394 1709 quadrantem
415 1624 503 1708 anni,
536 1622 621 1689 intra
657 1621 744 1711 quod
766 1632 892 1710 tempus
919 1618 1153 1687 sollicitabatur
1182 1619 1269 1708 apud
1296 1619 1361 1689 Ln-

55 1727 196 1813 therum,
225 1737 262 1795 ut
284 1732 406 1818 scripta
437 1742 469 1796 et
491 1730 592 1798 libros
614 1731 656 1796 de
686 1731 915 1797 constitutione
947 1736 980 1795 et
1004 1726 1163 1793 electione
1185 1723 1360 1791 sacerdotii

59 1837 106 1901 ita
143 1834 248 1900 dictos
282 1835 433 1913 conficiat
464 1847 497 1901 et
519 1834 710 1919 conscribat,
725 1842 823 1923 atque
857 1835 892 1899 in
923 1832 1114 1900 Bohemiam
1157 1831 1361 1914 transmittat,

56 1943 142 2006 sicut
164 1941 261 2005 etiam
282 1949 358 2028 post
380 1941 533 2027 exiguum
556 1948 684 2026 tempus
720 1939 766 2004 ita
791 1938 912 2004 factum
933 1938 1013 2024 fuit3
1038 1935 1124 2026 quod
1146 1937 1301 2024 scriptum
1327 1942 1361 2002 et

54 2045 170 2110 literae
192 2064 235 2109 ne
255 2045 452 2110 reticeantur
474 2051 530 2109 aut
562 2045 771 2120 occultentur,
793 2041 844 2107 his
876 2041 987 2108 verbis
1022 2039 1128 2108 hicce'
1153 2047 1384 2127 annotantur,¹

54 2147 214 2237 quosdam
234 2157 342 2214 autem
364 2148 469 2214 adhuc
496 2147 649 2213 articulos
670 2148 705 2212 in
727 2146 790 2212 boc
808 2147 963 2234 scriptum
985 2146 1123 2234 ipsemet
1144 2145 1205 2210 sub
1225 2146 1357 2212 nomine

54 2249 193 2317 Lutheri
212 2252 348 2336 addidit,
383 2262 415 2319 et
442 2252 586 2318 Lutbero
620 2247 728 2317 omnia
760 2249 950 2341 adscripsit3
995 2259 1091 2338 prout
1121 2249 1285 2315 Lutherus
1315 2247 1358 2316 ad

59 2356 247 2445 Bobenrlam
282 2359 427 2425 scribens
443 2357 637 2448 quibusdam
664 2358 1035 2446 personis,praeserum
1057 2355 1181 2421 doctori
1202 2353 1355 2439 Buriano,
1378 2421 1381 2425 .

59 2461 248 2530 cancellario
269 2464 427 2552 Pragensi
449 2464 578 2554 captivo
599 2463 780 2528 notificavit
802 2463 952 2552 sequenti
974 2460 1082 2527 modo:

148 2566 263 2634 (iratis
286 2576 318 2633 et
338 2590 406 2657 pax
427 2569 463 2633 in
477 2566 607 2634 Christo
630 2566 691 2633 tibi
705 2567 762 2644 sit,
780 2568 836 2654 qui
852 2566 1017 2633 confortet
1038 2565 1070 2632 et
1091 2567 1259 2635 confirmet
1279 2569 1351 2653 ani,-

63 2692 155 2736 mum
176 2679 268 2736 tuum
288 2672 322 2739 in
344 2683 400 2738 tua
421 2672 529 2739 cordis
551 2670 756 2759 aegritudine
779 2680 812 2736 et
821 2692 979 2757 moerore,
1000 2672 1046 2738 mi
1069 2671 1222 2739 Buriane.
1244 2673 1363 2741 Velox*

61 2775 171 2841 abitus
202 2787 235 2840 et
267 2775 427 2842 adventus
450 2778 485 2842 in
506 2777 698 2842 Bohemiam
720 2775 817 2863 hujus
850 2777 955 2842 nuntii
986 2778 1140 2860 causavit,
1173 2777 1260 2865 qnod
1290 2780 1352 2846 vix·

60 2879 149 2944 banc
174 2878 328 2944 schedam
350 2878 537 2946 adscribere
558 2881 728 2968 potuerim.
752 2879 800 2946 0!
824 2878 948 2946 Christi
959 2881 1198 2948 amantissimel
1223 2883 1353 2964 Quanta

58 3007 120 3071 ego
144 2982 187 3050 de
209 2983 304 3052 Gallo
326 2984 433 3068 audio,
465 2986 511 3050 ita
534 2983 620 3072 quod
642 2992 744 3050 totam
765 2991 909 3050 nostram
931 2984 1159 3053 confidentiam
1194 2995 1227 3052 et
1247 2989 1349 3052 inten-

57 3091 180 3155 tionem
204 3087 369 3176 deceperit
391 3097 424 3154 et
445 3088 612 3154 confirsam
634 3088 755 3167 feccrit,
787 3086 864 3155 dum
887 3090 983 3173 enim,
1006 3091 1066 3156 »ita
1097 3091 1250 3160 honestus
1282 3092 1352 3161 fuit,

58 3196 158 3260 etiam
171 3216 231 3282 pro
244 3174 378 3261 bonesto
393 3194 480 3282 apud
491 3217 544 3259 me
566 3193 695 3261 babitus
713 3195 796 3282 'fuit3
812 3200 933 3284 quanta
953 3197 987 3263 ri
1009 3218 1062 3261 me
1082 3196 1125 3262 ad
1146 3195 1210 3263 hoc
1230 3197 1354 3285 adegit,
1407 3280 1411 3287 ι

57 3307 180 3388 quanto
202 3299 330 3365 fervore
354 3297 596 3382 sollicitabatur,
618 3298 806 3367 ut'libellos
820 3322 916 3366 meos·
930 3299 1079 3367 celeriter
1100 3303 1136 3367 in
1157 3301 1348 3368 Bohemiam

58 3404 296 3469 transmittam!
326 3403 473 3468 Tandem
486 3426 696 3491 quaecunque
713 3414 787 3489 sunt
801 3403 1038 3472 admonitiones
1051 3408 1086 3473 in
1098 3406 1150 3470 his
1173 3404 1293 3471 libellis
1314 3407 1350 3471 in

35 3580 39 3585 ,
60 3507 159 3574 certis
173 3507 254 3572 locis
267 3506 441 3592 exhibitae,
453 3507 494 3573 dc
509 3506 658 3573 manibus
675 3510 745 3597 ejus
761 3508 876 3595 habui;
888 3508 945 3575 isse
961 3509 1186 3598 descripseratv
1198 3530 1261 3593 res,
1271 3518 1353 3598 quas

59 3613 120 3679 tibi
156 3613 373 3677 transmittere
394 3611 571 3695 volueram,
606 3612 664 3677 sed
681 3613 753 3700 jam
774 3614 923 3679 invenire
943 3635 1010 3678 non
1031 3615 1133 3702 potui.
1167 3613 1218 3680 Tu
1238 3622 1349 3680 mareu

58 3739 126 3783 non
150 3715 272 3798 dubita,
295 3736 369 3787 cum
390 3715 445 3781 ille
466 3738 534 3781 non
547 3715 651 3781 solum
664 3738 762 3782 causa
776 3717 828 3800 sit,
851 3716 909 3782 sed
921 3726 953 3782 et
967 3718 1033 3784 imo
1043 3717 1086 3784 ad
1103 3718 1185 3785 haec
1197 3718 1346 3806 urgebat,

59 3819 149 3908 quod
168 3819 273 3884 libelli
296 3818 330 3882 bi
351 3842 371 3883 a
392 3841 444 3886 me
467 3821 637 3908 compositi
659 3821 740 3904 sint3
769 3821 817 3886 ita
839 3843 900 3908 ego
920 3822 1020 3887 miser
1042 3822 1198 3911 deceptus
1218 3825 1265 3890 fui
1285 3845 1367 3914 per-

57 3929 127 4008 ejus
147 3922 380 4013 infidelitatem.
402 3924 445 3988 Et
468 3924 549 3989 nihil
572 3925 607 3989 in
629 3924 681 3989 his
702 3924 823 3993 libellis
844 3932 944 3992 meum
966 3934 1025 4005 est,
1057 3933 1343 4014 praetermodum,
1438 3964 1440 3975 ·

56 4033 173 4116 doymo
206 4037 239 4092 et
271 4031 444 4116 arrepturae
466 4028 660 4113 discursum,
692 4029 818 4116 reliqua
839 4032 949 4096 omnia
971 4030 1059 4098 Galli
1081 4039 1165 4100 sunt.
1199 4030 1351 4099 Christus
1388 4060 1392 4071 ·

58 4143 169 4198 autern
191 4134 274 4199 vluit
296 4142 326 4199 et
348 4141 480 4219 regnat3
503 4133 577 4199 alio·
590 4141 736 4220 tempore
758 4134 852 4222 plura
873 4135 914 4202 de
935 4136 987 4202 his
1011 4134 1152 4203 scribam
1181 4145 1244 4205 etc.
1272 4137 1348 4204 Do·
1442 4142 1447 4150 “

56 4239 166 4302 minus
188 4237 286 4302 Jesus
303 4238 351 4303 'sit
371 4247 495 4321 tecum,
526 4236 644 4304 Amen.
664 4238 788 4304 Datum
817 4239 1077 4328 Witteinbergae
1099 4243 1133 4307 in
1164 4241 1279 4330 vigilia
1300 4242 1351 4310 si·

57 4342 166 4407 monis
190 4350 223 4406 et
243 4340 362 4424 Judae,
385 4362 470 4405 anno
496 4341 590 4408 1524.

275 4504 278 4511 .
826 4448 987 4515 Martinus
1008 4450 1142 4518 Lutb'sr.

200 4630 203 4637 Ι
270 4546 392 4613 Christi
416 4549 544 4635 captivo
568 4558 600 4615 et
621 4572 717 4616 servo
739 4550 829 4618 fideli
850 4552 993 4618 Domino
1017 4555 1160 4623 Butiauo
1183 4557 1224 4626 de
1248 4546 1348 4629 Skor-

58 4651 133 4717 nicn
157 4653 332 4719 secretario
356 4653 525 4741 Pragensi,
548 4677 621 4722 meo
643 4657 677 4722 in
699 4657 771 4722 Deo
795 4656 995 4728 charissimo.

1056 4842 1070 4886 t
