2948 5040
130 164 175 235 Μ

43 310 46 315 ’
130 336 371 404 communitatis
390 356 449 425 per
470 335 565 424 regni
585 335 660 403 loca
679 336 778 420 misit,
798 316 980 401 intimando
1001 353 1118 401 canem
1136 333 1351 422 ejuscontra.
1362 352 1424 399 nos

24 509 25 512 ,
129 441 235 510 moui
255 440 399 527 dissidiiJ
422 442 519 508 etiam
540 439 622 509 illud
642 462 702 509 nos
723 439 874 511 lubenter
895 438 1055 523 audimus,
1077 437 1166 528 qnod
1199 460 1288 507 nunc
1309 461 1423 507 coram

129 545 313 616 Serenitate
334 544 402 612 Sua
421 542 512 629 illud,
535 544 844 634 quodecripssrunt,
865 541 1037 610 nobisnon
1051 543 1222 632 imputent,
1255 544 1425 615 offirmari·

111 663 199 736 «tos,
222 649 309 742 quod
323 676 328 687 ·
343 649 379 715 in
410 647 478 723 bia,
499 648 602 716 literis
623 649 748 717 nullum
770 649 1019 727 nominaverint,
1056 649 1122 715 nisi
1164 673 1225 719 nos
1256 650 1324 738 ipsi
1359 648 1425 716 sibi
1459 710 1462 715 .

129 774 294 824 numere
316 753 583 834 baecvollemusr
605 763 639 821 et
659 748 738 821 licet
758 757 857 822 etiam
877 755 961 823 baec
981 756 1191 842 affirmarent,
1222 780 1287 825 non
1311 756 1423 824 eredi-

128 884 210 949 mus,
231 873 269 932 at
283 865 373 952 juste
395 859 519 949 aliquid
542 858 650 927 simile
670 860 766 927 nobis
788 858 928 949 probate
948 850 1092 948 possent
1124 861 1226 929 Suam
1254 861 1424 933 Serenita-

128 976 194 1036 tem
215 966 375 1036 instanter
396 986 557 1052 rogamur,
579 972 617 1030 ut
637 964 719 1032 baec
747 963 905 1031 memoria
948 986 1080 1034 servare
1110 964 1308 1053 dignentur,
1344 989 1422 1032 nam

128 1074 176 1140 ita
197 1070 343 1141 evidens
355 1076 414 1154 eet,
436 1089 497 1135 nos
517 1068 639 1135 uulbus
660 1071 709 1135 rei
730 1046 806 1137 lolia
828 1070 1154 1158 osmreos.1taque
1175 1067 1321 1135 breviter
1352 1090 1422 1136 om·

127 1176 233 1245 nibus
233 1197 352 1256 eorum
371 1173 465 1257 lictis,
489 1180 522 1238 et
542 1195 609 1238 non
627 1171 851 1262 probabilibus
873 1172 969 1242 dictis
1001 1197 1061 1249 nos
1083 1174 1293 1269 opponimus,
1326 1181 1363 1239 et
1382 1194 1421 1239 aa

127 1302 294 1369 negamus,
328 1301 403 1347 cum
422 1275 545 1343 nullius
566 1278 617 1344 rei
642 1276 875 1346 talisobnoxii
907 1288 941 1346 et
960 1281 1009 1347 roi
1031 1300 1151 1358 sumus,
1184 1299 1291 1366 neque
1323 1276 1421 1345 nobis

123 1387 214 1475 juste
234 1386 317 1452 baec
337 1382 470 1472 probari
498 1382 637 1470 possint.
653 1456 655 1461 ¹
670 1379 793 1449 Verum
825 1381 909 1449 baec
941 1381 1064 1449 adhuo‘
1081 1382 1229 1466 dicimus,
1260 1403 1324 1449 nos
1356 1384 1423 1449 'non

128 1491 249 1575 mirari,
272 1487 358 1577 quod
379 1495 447 1552 tam
465 1486 569 1552 multa
589 1485 673 1554 falsa
694 1496 807 1554 contra
826 1509 887 1554 nos
908 1487 985 1554 ficta
1005 1488 1134 1573 fuerim,
1170 1502 1243 1554 eum
1264 1509 1335 1554 non
1349 1489 1421 1554 exi·

123 1616 236 1682 guam,
260 1593 319 1659 sed
340 1592 420 1658 satis
438 1590 580 1680 amplam
601 1613 672 1658 rem
695 1601 808 1659 contra
829 1614 890 1659 noa
904 1595 1141 1679 attentaverint,
1165 1594 1224 1662 toti
1247 1616 1353 1682 regno
1365 1618 1433 1663 no·-

53 1680 58 1690 ’
129 1708 206 1778 tam,
228 1720 324 1787 quam
347 1696 487 1764 dicimus
509 1719 583 1762 esse
605 1698 792 1786 contrajac
815 1705 848 1763 et
868 1697 1111 1764 ordinationem
1143 1721 1183 1767 ao
1204 1708 1319 1766 canna
1353 1722 1418 1768 om-

128 1822 205 1870 nem
222 1802 394 1892 justitiam,
416 1795 490 1868 cum
513 1802 604 1891 prius
625 1825 685 1869 nos
707 1804 743 1868 iu
764 1802 855 1868 nulla
876 1824 913 1868 re
935 1802 1167 1870 recusaverint
1187 1804 1242 1870 vel
1265 1804 1419 1893 culpave·

128 1909 203 1997 rint,
226 1907 289 1974 boc
310 1907 532 1975 demonstrare
554 1907 715 1990 volumus,
737 1907 766 1972 si
788 1905 885 1972 modo
905 1906 1099 1973 nobis-liber
1113 1907 1242 1975 auditne
1255 1909 1421 1977 admissus

129 2012 237 2096 fuerit,
269 2020 306 2079 ut
326 2014 436 2080 omnia
457 2002 547 2079 licite
567 2010 713 2100 proferre
736 2019 769 2076 et
790 2010 958 2077 declarare
980 2011 1153 2098 possimus.
1186 2013 1250 2080 Pro
1274 2036 1341 2101 quo
1363 2014 1419 2081 bu·

128 2116 264 2183 millime
290 2116 388 2184 Suam
405 2117 611 2207 Majestatem'
631 2117 768 2204 Regiam
792 2125 825 2183 et
846 2115 968 2183 obnixo
989 2138 1170 2204 precamur,
1192 2116 1417 2186 ubiinnocen·

130 2222 209 2288 tiam
229 2230 374 2289 nostram
387 2219 681 2288 demonstrabimus
704 2230 737 2287 et
757 2220 988 2287 confidemus
979 2243 1014 2286 ιιι
1024 2221 1133 2288 Deum
1160 2208 1417 2312 omnipotentem

129 2325 274 2397 etSuam
294 2325 500 2416 Majestatem
510 2326 658 2412 Regiam,
682 2325 769 2414 quod
790 2348 906 2414 preces
928 2334 1054 2393 narbas
1076 2326 1182 2447 audiri
1205 2336 1237 2396 et
1258 2327 1413 2397 innocen·

128 2428 207 2499 tiam
229 2428 361 2521 probari
383 2428 611 2500 obtinebimus.

592 2626 593 2631 ἵ
666 2636 812 2708 CAPUT
833 2640 913 2715 35

179 2749 255 2815 In
276 2768 337 2828 quo
358 2751 490 2830 ponitur,
524 2751 672 2828 quomodo
704 2752 909 2829 unusquisqne
937 2751 1063 2811 illorum
1096 2751 1351 2813 incarceratorum
1383 2754 1414 2813 in

128 2848 258 2919 persona
278 2838 400 2916 propria
424 2836 612 2918 singulariter
632 2838 832 2898 innocentiam
855 2834 939 2900 luam
959 2839 1160 2898 insinuaverit
1181 2848 1209 2898 et
1230 2841 1436 2916 probaverit,
1457 2892 1461 2901 .

132 2925 303 2985 attendam
325 2925 464 3002 qualiter,
497 2933 527 2983 ot
549 2943 608 3001 quo
630 2945 719 2986 sensu
737 2925 974 2989 informationem
996 2943 1080 2985 suam
1103 2926 1274 2986 claudentes
1310 2929 1412 2988 linive·

48 3030 51 3035 ·
160 3009 233 3084 rint,
255 3010 347 3071 simul
368 3011 457 3072 etiam
478 3012 626 3088 quomodo
647 3012 719 3090 regi,
741 3011 871 3090 principi
892 3021 922 3072 et
943 3012 1087 3092 ablegatis
1109 3013 1222 3090 gratias
1246 3014 1378 3090 egerint

132 3210 136 3218 Ι
213 3125 302 3195 Dum
323 3126 405 3197 baec
425 3129 535 3216 itaque
557 3125 764 3214 singulariter
785 3129 902 3195 iterum
921 3128 1132 3217 protulissent
1165 3139 1197 3195 et
1218 3130 1251 3194 in
1285 3130 1416 3218 aequali

128 3252 228 3321 sensu
249 3255 322 3301 cum
344 3233 454 3323 priore
475 3232 694 3299 innocentiam
718 3254 810 3299 suam
831 3231 1117 3318 demonstrassent,
1147 3233 1190 3298 ad
1206 3232 1371 3322 judicium
1388 3244 1418 3300 et

126 3334 292 3424 publicam
324 3336 524 3404 audientiam
545 3359 580 3402 se
614 3347 818 3422 revocarunt,
853 3346 886 3403 et
916 3339 1030 3427 poenis
1063 3360 1097 3403 se
1131 3338 1356 3423 subdiderunt,
1391 3340 1418 3404 si

127 3438 309 3507 indebitum
326 3441 464 3529 aliquod
484 3439 551 3507 illis
581 3440 713 3530 probari
736 3443 883 3563 potuerit,
916 3442 974 3508 ubi
1003 3452 1112 3509 tamen
1144 3466 1220 3532 pars
1254 3446 1418 3511 contraria

128 3544 249 3613 similia
272 3548 362 3615 omni
383 3555 528 3634 tempore
549 3548 688 3631 reticuit,
712 3547 770 3613 sed
792 3548 924 3614 omnino
947 3548 1131 3614 audientiae
1149 3547 1324 3615 resistebat
1333 3549 1414 3637 pub

128 3647 228 3736 licae;
249 3649 479 3738 particularem
508 3651 606 3719 talem
628 3651 856 3718 audientiam
847 3674 882 3716 ιιι
900 3652 1062 3740 J'udicium
1084 3661 1268 3741 permutare
1290 3653 1415 3738 volens,

125 3752 160 3817 in
184 3774 247 3840 quo
268 3754 399 3842 ipsimet
420 3754 483 3821 sibi
510 3738 756 3843 attestabantur,
788 3756 949 3820 actionem
977 3755 1185 3844 judiciariam
1209 3764 1322 3823 contra
1342 3756 1416 3823 illos

128 3865 310 3941 moventes,
346 3858 404 3924 sed
425 3882 589 3948 nunquam
611 3859 654 3927 ad
678 3859 838 3948 judicium
860 3858 933 3925 illos
955 3872 1126 3947 vocantes,
1161 3861 1219 3926 ubi
1241 3861 1416 3948 diligenter

126 3961 305 4027 notandum
326 3965 425 4049 venit,
456 3987 553 4053 quam
580 3966 737 4053 injustum
760 3972 792 4028 et
813 3963 1052 4030 iraudulentum
1074 3963 1202 4031 Passek
1225 3989 1298 4032 oum
1320 3975 1413 4054 parte

126 4064 190 4132 sibi
212 4065 409 4133 adhaerente
430 4057 580 4145 babuerit
600 4069 811 4156 propositum,
834 4067 1254 4158 quodnempsaprincipio
1276 4071 1414 4137 actionis

126 4169 291 4256 usquead
325 4170 424 4236 finem
452 4193 617 4262 nunquam
639 4172 682 4238 ad
703 4171 908 4260 probationes
932 4195 1062 4238 suarum
1084 4197 1243 4260 nugarum
1265 4173 1415 4240 fictarum

126 4283 238 4348 contra
259 4276 476 4344 incarceratos
498 4277 552 4343 vel
574 4300 809 4367 quemcumque
831 4278 930 4344 alium
948 4301 984 4344 se
1008 4279 1221 4359 revocaverit,
1244 4289 1414 4367 praeterea

124 4380 168 4447 ad
189 4402 311 4470 poenas
333 4381 450 4464 nullas,
473 4379 515 4447 ob
538 4402 604 4446 non
625 4382 869 4470 productionem
891 4384 1016 4468 horum,
1045 4407 1098 4450 res
1121 4382 1316 4470 devenerit,
1331 4387 1414 4453 sicut

125 4500 262 4579 egerunt
283 4487 413 4578 captivi,
448 4493 481 4550 et
512 4485 568 4551 alii
588 4488 624 4552 in
656 4488 846 4576 probatione
878 4488 1107 4554 refutationum
1143 4513 1274 4557 suarum
1306 4511 1414 4579 neque

123 4596 206 4664 baec
226 4597 261 4660 in
283 4592 349 4659 ullo
370 4590 484 4657 horum
506 4585 661 4689 librorum
682 4604 737 4660 aut
759 4594 900 4682 capitum
920 4596 1139 4662 inveniuntur.

207 4700 288 4767 Post
307 4697 389 4767 haee
410 4694 542 4765 tandem
562 4704 636 4765 acta
657 4705 690 4766 et
711 4697 799 4768 diota
821 4699 940 4789 captivi
963 4701 1173 4791 sequentibus
1195 4725 1289 4775 suam
1308 4702 1411 4774 inior·
