2948 5040
131 117 174 193 id

34 309 39 315 “
131 314 194 382 que
216 291 259 358 ad
275 301 421 381 tempora
442 291 543 361 multa
565 291 686 379 elapsa,
697 289 780 360 nihil
801 291 835 356 in
857 291 908 359 his
919 289 1086 376 addentes,
1102 311 1164 358 uec
1184 290 1425 370 imminuentes,

125 399 322 487 praesertim
352 397 440 486 quod
473 397 590 463 attinet
612 395 745 462 missam
769 406 801 462 et
822 397 930 463 officia
963 397 1084 476 divina,
1113 419 1153 463 ac
1176 419 1306 464 sacram
1343 418 1425 463 com·

126 502 315 571 munionem
337 503 481 590 corporis
506 510 538 566 et
566 501 735 587 sanguinis
758 499 890 585 Christi,
926 525 985 589 pro
1016 501 1159 586 senibus,
1177 500 1372 590 junioribus
1395 509 1425 566 st

129 605 308 679 infantibus
331 605 391 671 sub
419 614 555 692 utraque
589 606 709 691 specie,
734 605 817 673 sicut
839 627 859 670 a
880 605 953 672 Deo
984 608 1204 694 omnipotente
1243 607 1428 690 institutum

130 707 212 792 fuit3
251 731 272 773 a
306 710 425 774 nostris
456 708 762 797 praedecessoribus
786 716 958 792 servatum,
976 710 1074 797 juxta
1096 708 1203 794 legem
1226 709 1293 775 Dei
1314 731 1430 798 appro-

129 811 241 895 batum
264 820 296 877 et
318 813 476 899 sanguine
497 820 675 900 martyrum
698 813 922 879 confirmatum
944 812 1014 880 fuit.

215 915 316 1002 Item;
339 927 375 983 ut
393 917 553 1005 parochos
576 925 608 982 et
628 916 812 983 sacerdotes
835 916 895 982 hos
917 917 1086 1003 eligamus,
1124 923 1157 982 et
1189 913 1270 983 talos
1307 913 1353 982 ab
1375 914 1430 980 ad·

129 1019 347 1099 ministratore
377 1030 409 1086 et
439 1022 630 1087 consistorio
653 1030 855 1109 expetamus,
878 1022 933 1108 qui
954 1021 1097 1087 virtuose
1136 1028 1169 1085 et
1201 1018 1431 1107 exemplariter

130 1125 289 1209 viventes,
322 1146 382 1189 nos
416 1125 595 1212 aequaliter
617 1134 649 1190 et
671 1124 867 1190 unanimiter
889 1123 1029 1191 doceant
1051 1133 1084 1190 et
1104 1123 1262 1190 inducant
1282 1123 1328 1190 ad
1365 1145 1432 1188 ser·

129 1229 271 1296 vendam
293 1228 391 1294 fidem
415 1218 559 1295 sanctam
582 1229 801 1312 christianam,
825 1238 857 1294 et
878 1230 959 1294 ritus
981 1230 1156 1312 institutos,
1180 1227 1236 1314 qui
1267 1227 1337 1313 legi
1367 1227 1431 1294 Dei

23 1399 26 1402 ⁴
130 1341 197 1400 non
219 1333 444 1400 adversantur.

198 1437 313 1526 ⁴Item;
344 1460 406 1525 pro
440 1437 663 1504 conservanda
700 1438 786 1503 inter
817 1458 877 1502 nos
911 1436 1094 1520 concordia,
1116 1457 1208 1522 pace,
1248 1455 1365 1500 amore
1399 1441 1432 1499 et

135 1529 381 1616 christianitatis
403 1544 516 1629 gratia,
540 1552 663 1608 utnon
684 1542 892 1609 admittamus
915 1545 1000 1609 inter
1022 1563 1083 1607 nos
1118 1540 1279 1608 accedere
1303 1537 1429 1625 plures,

136 1646 220 1710 sicut
242 1667 330 1710 nunc
352 1648 519 1733 contingit,
542 1645 643 1711 laicos
667 1655 699 1711 et
720 1646 864 1729 clericos,
888 1648 944 1734 qui
966 1645 1073 1711 aliena
1096 1643 1248 1730 dogmata
1281 1668 1433 1711 assume·

131 1758 204 1825 rent
219 1757 250 1815 et
266 1759 441 1835 servarent,
457 1752 547 1839 atqui
568 1751 602 1816 in
619 1750 719 1816 hisso
742 1750 932 1834 stabilirent,
955 1759 1085 1838 praeter
1096 1749 1231 1834 antiqua
1243 1758 1432 1816 sanctorum

130 1852 312 1938 doctorum,
350 1862 415 1920 tam
438 1877 630 1942 graecorum
667 1877 764 1942 quam
801 1855 974 1920 latinorum
1012 1853 1054 1918 ab
1092 1853 1271 1918 universali
1309 1864 1426 1919 sancta

133 1955 310 2024 christiana
332 1959 473 2025 ecclesia
495 1967 669 2046 suscepta;
706 1980 745 2024 ac
777 1968 908 2045 praeter
939 1957 1215 2046 praedicationem
1238 1965 1426 2023 nostrorum

128 2063 336 2148 antiquorum
357 2063 587 2146 Bohemorum,
625 2063 681 2148 qui
703 2044 863 2150 imprimis
892 2064 927 2127 in
949 2062 1021 2148 loge
1044 2062 1119 2144 Dei,
1158 2067 1190 2123 et
1224 2061 1360 2127 tandem
1393 2063 1427 2127 in

129 2165 181 2240 his
205 2169 327 2234 sanctis
350 2167 537 2233 doctoribus
560 2167 772 2232 fundamenta
805 2188 864 2232 sua
894 2165 1018 2251 absque
1041 2160 1204 2230 erroribus
1245 2174 1277 2230 et
1309 2165 1430 2232 alienis

131 2271 378 2337 inventionibus
400 2271 593 2354 habuerunt,
617 2292 656 2343 ac
678 2269 948 2357 praedecessores
970 2278 1109 2352 nostros,
1134 2278 1166 2334 et
1187 2287 1246 2333 nos
1280 2268 1316 2332 in
1341 2271 1426 2334 veri·

133 2383 199 2440 tate
223 2374 347 2441 Christi
368 2381 609 2457 conservarunt,
645 2382 677 2439 et
698 2375 732 2439 in
753 2375 899 2440 unanimi
932 2373 1007 2458 fide,
1042 2383 1074 2438 et
1096 2372 1241 2439 honestis
1263 2373 1427 2457 moribus,

127 2497 171 2545 ‚ac
192 2477 366 2565 tranquilla
387 2499 468 2565 pace
499 2475 544 2566 (l)
567 2478 778 2543 retinuerunt.

216 2581 300 2647 Item
337 2583 371 2647 in
390 2581 453 2647 hoc
476 2581 710 2663 consensimus,
749 2590 781 2646 et
810 2579 1009 2648 infuturum
1043 2602 1174 2647 servare
1203 2581 1425 2670 promisimus,

136 2685 224 2772 quod
246 2687 474 2753 conventicula
495 2685 713 2774 particularia,
737 2708 949 2772 quaecunque
983 2687 1018 2752 in
1039 2685 1120 2752 urbe
1141 2695 1268 2769 nostra,
1291 2685 1427 2774 publice

135 2790 190 2863 vel
212 2791 337 2856 occulte
359 2790 558 2857 instituenda
593 2789 764 2856 admittere
787 2791 939 2874 nolimus,
963 2800 1060 2878 prout
1091 2789 1148 2854 illa
1171 2789 1237 2855 Sua
1265 2789 1425 2877 Majestas

133 2893 238 2980 Regia
273 2894 411 2981 pridem,
434 2906 467 2960 et
497 2917 585 2961 nune
608 2895 649 2960 de
681 2916 766 2961 novo
802 2896 999 2961 interdicere
1024 2895 1159 2982 dignata
1192 2903 1265 2974 est3
1290 2895 1430 2984 insuper

131 2997 341 3083 probibemus
374 3022 486 3064 omnes
508 2999 767 3088 praedicationes
801 3000 969 3084 laicorum,
1003 3009 1034 3066 et
1063 2999 1260 3084 divinorum]
1287 2999 1428 3065 admini-

124 3101 317 3185 strationes,
341 3102 427 3189 quod
451 3104 548 3168 etiam
571 3103 782 3191 prohibemus
799 3104 938 3188 clericis,
961 3103 1018 3189 qui
1029 3104 1107 3169 talia
1118 3112 1246 3192 praeter
1258 3105 1429 3191 antiquam

59 3253 65 3271 Ι
126 3204 526 3295 consuetudinemagere
549 3208 679 3274 vellent

215 3307 298 3375 Item
320 3312 543 3377 consensimus
581 3322 613 3378 et
635 3311 792 3396 volumus,
826 3321 861 3377 ut
883 3334 995 3378 omnes
1028 3313 1114 3396 laici,
1153 3311 1207 3400 qui
1240 3312 1326 3378 inter
1364 3336 1424 3380 nos

45 3474 48 3483 .
132 3412 280 3480 habitare
303 3423 336 3479 et
351 3417 429 3502 jure
451 3416 540 3482 civili
561 3416 635 3500 frui,
671 3441 709 3484 ac
732 3440 767 3482 se
790 3418 878 3484 alere
902 3418 1045 3506 cupiunt,
1083 3427 1228 3504 tempore
1253 3437 1313 3481 suo
1336 3427 1421 3483 sata·

132 3526 222 3603 gant,
244 3527 279 3583 ut
302 3540 419 3607 corpus
443 3522 681 3608 etsanguinem
692 3520 815 3588 Christi
826 3523 962 3589 Domini
990 3531 1126 3606 sumant,
1150 3531 1182 3586 et
1191 3521 1290 3587 fidem
1313 3543 1425 3589 coram

132 3620 314 3688 rectoribus
338 3625 404 3688 suis
426 3625 651 3714 profiteantur,
675 3627 759 3692 sicut
780 3627 861 3693 alias
878 3636 1074 3694 consuetum
1097 3626 1167 3710 fuit,
1191 3627 1300 3694 nullus
1326 3631 1423 3696 etiam

135 3723 234 3793 fidem
256 3748 348 3792 suam
370 3729 519 3812 occultet,
541 3728 743 3818 sedpubliee
765 3753 874 3797 coram
896 3731 1040 3820 parocho
1063 3730 1260 3819 profiteatur.

216 3827 316 3914 Item3
339 3831 498 3918 volumus,
521 3857 564 3900 ne
584 3843 720 3922 peccata
753 3836 901 3902 mortalia
924 3847 957 3901 et
979 3834 1112 3925 publica
1134 3834 1328 3920 tolerentur;
1354 3837 1424 3904 dies

132 3929 336 4018 Dominicus,
361 3944 393 4001 et
414 3937 499 4002 festa
520 3939 586 4004 alia
607 3941 787 4026 antiquitus
810 3950 1013 4023 conservata,
1049 3948 1081 4004 et
1102 3940 1137 4003 in
1158 3938 1232 4024 lege
1255 3940 1320 4006 Dei
1353 3941 1425 4007 fun·

132 4033 209 4098 data
231 4035 455 4118 observentur,
490 4042 574 4108 sicut
605 4042 708 4125 decet,
746 4043 871 4132 absque
894 4053 1101 4130 contemptu3
1126 4042 1181 4129 qui
1203 4050 1312 4127 autem
1334 4044 1420 4110 illud

124 4139 315 4224 petulanter
337 4146 532 4230 transgressi
553 4146 683 4231 fuerint,
707 4151 892 4237 puniantur,
910 4148 1008 4235 juxta
1031 4146 1230 4234 agnitionem
1245 4147 1324 4212 fidei
1333 4171 1421 4233 suae,

132 4264 174 4307 ne
197 4244 466 4332 exprobationes
488 4273 508 4315 a
531 4243 678 4319 sectariis
701 4253 798 4339 hujus
821 4275 920 4319 causa
941 4251 1127 4318 habeamus.

134 4378 148 4391 *
217 4346 317 4435 Item3
340 4350 411 4420 dies
423 4354 573 4438 Veneris,
597 4366 630 4422 st
650 4357 706 4423 alii
728 4358 799 4424 dies
818 4358 948 4446 jejunii,
970 4357 1160 4444 utvigiliae,
1184 4353 1254 4420 dies
1284 4365 1423 4442 quatuor

132 4459 324 4541 temporum,
348 4454 419 4522 dies
443 4455 613 4545 Sabbathi,
636 4461 807 4548 adventus,
831 4473 864 4528 et
887 4461 1100 4550 quadraginta
1116 4460 1185 4527 dies
1198 4469 1274 4526 ante
1283 4460 1422 4545 Pascha,

132 4555 202 4621 dies
224 4559 427 4645 rogationum
449 4570 668 4654 temperanter
676 4567 890 4645 observentur
913 4569 983 4634 sine
1006 4589 1063 4633 esu
1086 4565 1241 4650 carnium,
1276 4566 1361 4633 sieut
1390 4570 1426 4634 in

130 4659 194 4739 boe
216 4683 327 4750 regno,
365 4673 398 4732 et
426 4667 557 4736 civitate
579 4669 641 4739 hac
664 4673 705 4741 ab
728 4675 869 4764 antiquis
893 4671 1091 4762 temporibus
1114 4681 1276 4753 servatum
1299 4671 1371 4751 fuit,
1395 4682 1426 4741 et
