2948 5040
147 149 212 219 244

144 320 260 401 bustis,
283 337 363 404 quas
386 320 415 383 si
437 318 511 406 quis
533 315 668 382 laudare
691 315 782 400 nolit,
814 315 912 380 etiam
934 314 1121 403 vituperare
1141 310 1366 400 periculosum
1388 319 1445 394 est,

145 431 202 492 aut
223 429 443 506 contemnere,
466 418 554 509 quod
576 418 661 486 male
682 414 801 505 mortui
821 416 953 501 fuerint,
976 418 1006 485 si
1026 415 1101 483 talis
1125 416 1267 504 ipsemet
1281 417 1446 480 contemni

147 537 181 597 et
202 525 412 594 condemnari
434 523 518 591 nolit
540 522 583 591 ad
604 522 747 610 inferos3
772 522 859 613 quod
881 523 968 588 enim
978 520 1129 589 homines
1144 518 1372 587 condemnant
1392 541 1446 608 pro

146 628 332 714 maledieto,
353 629 417 696 hoc
430 628 523 695 Deus
541 625 707 717 judicabit
727 650 786 716 pro
810 637 932 706 sancto,
955 634 988 692 61
1010 649 1029 692 6
1051 631 1165 691 contra
1185 622 1276 712 quod
1298 622 1445 691 homines

143 722 260 807 166661
280 754 340 822 pro
354 755 398 829 're
421 742 544 816 sancta,
566 731 650 799 illud
660 731 754 798 Deus
775 731 904 821 rejiciet
923 753 984 821 pro
999 728 1183 796 maledicta
1205 727 1245 794 In
1269 728 1339 795 hoc
1363 729 1442 795 enim

148 848 273 907 certum
295 836 542 905 bundamentum
564 858 630 902 666
652 836 828 920 invenitur,
857 859 934 901 nam
957 833 1044 925 quod
1065 832 1262 917 sacerdotes,
1286 834 1437 921 magistri,

147 941 301 1009 monachi
322 940 365 1007 ad
386 949 523 1007 mortem
538 938 836 1023 condemnaverint,
858 938 940 1005 illud
961 940 997 1004 in
1017 937 1252 1004 conscientiam
1277 958 1377 1003 suam
1397 960 1438 1003 as·

148 1054 368 1136 sumpserunt,
392 1047 477 1112 sicut
497 1042 617 1136 ‚Iudaei
639 1067 712 1111 eum
735 1042 958 1110 sacerdotibus
980 1040 1138 1109 foederati
1159 1063 1276 1110 verum
1292 1041 1440 1108 Messian

147 1150 413 1234 condemnarunt,
438 1148 637 1214 clamantes:
660 1147 888 1236 sanguisejus
911 1169 1011 1236 super
1023 1167 1083 1212 nos
1106 1153 1248 1232 etsuper
1262 1143 1354 1212 filios
1379 1170 1441 1214 nos·

147 1262 227 1322 tros.
270 1253 316 1318 Et
338 1260 388 1319 est
409 1260 500 1319 certa
520 1274 607 1340 spes,
631 1252 660 1317 si
681 1274 771 1318 nunc
782 1249 933 1317 Christus
954 1252 990 1317 in
1011 1261 1119 1318 terrae
1139 1247 1336 1339 pulveribus
1350 1272 1440 1341 opera

146 1358 278 1425 illorum
301 1355 506 1423 sacerdotum
530 1354 698 1441 scriberet,
735 1353 823 1443 quod
844 1354 952 1424 nullus
974 1356 1009 1422 16
1033 1360 1111 1420 ‘tota
1132 1355 1268 1422 civitate
1288 1357 1442 1448 Prageuui

147 1462 361 1545 inveniretur,
384 1460 439 1549 qui
461 1459 605 1549 lapidem
627 1459 739 1527 levare
759 1468 871 1548 posset
894 1483 992 1549 super
1013 1459 1073 1526 hos
1097 1467 1326 1533 concrematos
1350 1467 1441 1554 proji-

152 1563 305 1632 ciendum
328 1563 403 1652 (ego
425 1587 504 1631 vero
526 1564 609 1629 haec
623 1562 730 1630 adhuc
747 1563 877 1641 addam,
901 1564 988 1652 quod
1007 1586 1174 1653 nunquam
1195 1563 1396 1655 audiverim,
1416 1580 1442 1636 ut

147 1669 265 1757 aliquis
288 1690 331 1759 616
352 1668 404 1733 his
428 1667 578 1736 omnibus
600 1667 757 1734 Romanis
792 1668 1016 1735 sacerdotibus
1045 1692 1105 1759 pro
1127 1670 1194 1736 fide
1227 1691 1291 1736 sua
1313 1697 1353 1740 se
1375 1697 1440 1742 con·

148 1773 287 1841 cremari
309 1773 480 1862 curasset),
502 1795 580 1840 nam
601 1775 637 1838 in
659 1795 865 1861 quocunque,
887 1782 943 1839 aut
955 1775 1247 1864 quomodocunque
1259 1777 1311 1844 illi
1334 1781 1441 1846 mortui

148 1881 222 1945 sint.
259 1877 333 1943 Lex
353 1877 420 1943 Dei
441 1879 524 1967 ipsa,
547 1900 631 1965 quae
654 1887 705 1944 est
726 1886 816 1945 certa
838 1888 870 1943 et
891 1887 1025 1944 aeterna
1045 1880 1176 1963 veritas,
1201 1889 1234 1947 61
1255 1883 1374 1951 fucum
1394 1887 1440 1954 bu·

149 2004 282 2048 manum
302 1984 339 2047 in
361 2004 397 2049 sc
419 1983 586 2072 suscipere
608 2005 675 2048 non
688 1990 808 2071 potest,
829 1981 905 2048 illos
914 1981 1088 2072 judicabit,
1112 1985 1287 2053 sineomni
1308 1988 1440 2056 humana

147 2086 428 2170 determinatione,
451 2109 492 2153 an
514 2086 601 2154 bene
623 2086 676 2154 vel
697 2087 783 2154 male
804 2087 923 2153 mortui
945 2088 1020 2154 siut.
1042 2083 1208 2156 Audacter
1231 2093 1326 2158 enim
1349 2103 1382 2161 et
1400 2117 1438 2160 se-

148 2216 225 2260 cure
247 2201 388 2259 mentem
413 2203 503 2260 tuam
526 2216 564 2260 66
588 2193 720 2283 applica
742 2204 774 2261 et
795 2194 970 2288 diligenter
991 2193 1137 2279 adverte,
1158 2217 1238 2260 num
1261 2188 1357 2285 apud
1376 2197 1437 2264 illus

147 2298 247 2364 fuerit
267 2300 346 2365 viva
370 2296 494 2364 Ohristi
514 2297 597 2365 fides
619 2299 843 2377 determinata,
874 2299 929 2366 vel
949 2299 1042 2366 non?
1076 2321 1158 2388 quae
1181 2302 1322 2386 agnosci
1344 2310 1433 2393 potest

148 2423 191 2467 ex
214 2400 339 2467 actibus
361 2400 402 2467 ab
424 2400 482 2466 illa
504 2401 569 2466 fide
590 2403 857 2491 provenientibus
872 2404 1004 2482 inillis,
1027 2406 1083 2493 qui
1104 2427 1148 2470 ex
1168 2402 1317 2472 ferventi
1340 2428 1433 2474 amore

145 2506 223 2590 Dei,
258 2505 421 2594 quondam
443 2506 565 2571 audent
586 2509 621 2572 in
643 2508 705 2591 his,
737 2529 820 2594 quae
848 2517 1030 2595 agnoscunt
1062 2531 1135 2575 esse
1155 2506 1197 2574 de
1217 2529 1303 2577 vera
1327 2511 1436 2580 Christi

147 2609 231 2696 lege,
256 2611 367 2695 emori,
388 2609 474 2675 alias
493 2612 581 2676 enim
614 2634 679 2678 non
714 2612 961 2678 verificarentur
992 2613 1095 2681 verba
1116 2611 1252 2701 Christi,
1289 2617 1435 2685 dicentis:

149 2712 215 2795 Qui
237 2737 290 2780 me
311 2712 478 2802 professus
499 2708 597 2783 fuerit
619 2715 936 2800 coramhominibus,
958 2699 1134 2805 profitebor
1156 2729 1189 2784 et
1210 2741 1275 2807 ego
1299 2745 1377 2791 eum
1396 2743 1437 2788 66·

148 2839 218 2884 ram
239 2819 338 2886 Patre
359 2840 442 2900 meo,
475 2820 536 2907 qui·
552 2821 587 2885 in
621 2820 721 2894 coelis
745 2828 804 2886 661
846 2820 890 2887 Et
911 2820 1008 2887 alibi:
1043 2824 1099 2910 qui
1128 2823 1322 2911 perdiderit
1350 2829 1433 2896 vitan

149 2944 241 2988 suam
262 2946 322 3011 pro
340 2946 407 3007 me,
430 2924 670 2990 inveniet-eam
693 2934 754 2991 etc.
793 2926 837 2990 Et
859 2949 938 2992 vero
961 2928 1066 3014 magis
1090 2928 1209 2994 mirum
1231 2940 1296 3011 661,
1323 2934 1435 3000 611166

148 3027 273 3114 gratius
295 3048 354 3115 pro
377 3027 514 3093 veritate
538 3037 571 3093 et
587 3029 717 3117 justitia
735 3030 805 3118 ejus
828 3031 921 3114 mori,
943 3052 1040 3119 quam
1062 3032 1090 3097 si
1114 3034 1186 3120 quis
1207 3045 1382 3104 mortuum
1400 3058 1435 3104 re·

147 3131 327 3197 suscitaret.
362 3130 536 3219 Nunquam
560 3133 646 3197 enim
661 3134 754 3228 ¹apud
777 3133 925 3200 homines
947 3135 1079 3201 laetitiis
1098 3139 1330 3225 corporalibus
1353 3141 1436 3210 abuu-

148 3233 264 3300 dantes
287 3233 436 3299 infideles
459 3234 532 3300 talis
554 3235 647 3315 fides,
672 3245 704 3302 61
725 3260 785 3326 pro
807 3237 867 3303 illa
887 3240 996 3327 passio
1018 3250 1148 3329 reperta
1169 3241 1242 3328 fuit,
1266 3255 1306 3312 ut
1320 3245 1438 3337 proills

148 3339 251 3405 vitam
276 3358 366 3402 suam
388 3339 584 3422 amitterent,
606 3343 798 3429 praesertim
821 3343 909 3431 apud
929 3343 1015 3422 illos,
1038 3345 1093 3430 qui
1116 3343 1200 3411 alios
1223 3346 1268 3414 ad
1291 3349 1436 3440 supersti-

147 3441 253 3508 tiones
276 3449 309 3506 et
329 3442 535 3510 inventiones
556 3442 715 3511 humanas
743 3446 910 3526 inducunt,
942 3456 979 3514 ut
1009 3447 1185 3514 ebimeram
1217 3451 1284 3519 sibi
1309 3455 1436 3544 capient
1468 3454 1471 3493 ¹

148 3544 290 3612 Etcum
311 3543 398 3633 apud
431 3545 505 3612 illos
530 3546 725 3633 sacerdotes,
758 3550 799 3617 ob
833 3551 919 3617 hanc
948 3573 1095 3645 causam·
1112 3552 1147 3618 hi
1181 3563 1387 3626 concremati
1403 3555 1434 3622 sd

148 3659 286 3715 mortem
308 3648 516 3715 condemnati
536 3650 666 3736 fuerint,
695 3655 789 3739 quasi
816 3654 973 3722 haeretici
994 3658 1110 3744 forent,
1144 3668 1234 3727 certe
1257 3663 1354 3751 apud
1373 3662 1433 3729 illus

148 3750 230 3818 illud
252 3752 448 3837 invenietur,
482 3754 569 3842 quod
599 3759 821 3844 quaesiverint
852 3761 887 3825 in
917 3761 1011 3828 oculo
1032 3766 1174 3852 proximi
1197 3767 1249 3831 sui
1270 3767 1432 3846 festucam,

151 3856 207 3942 qui
228 3856 360 3942 ipsimet
381 3855 507 3924 trabem
521 3859 688 3947 ingentem
710 3862 744 3928 in
766 3864 893 3953 pupilla
904 3865 989 3933 oculi
1011 3868 1061 3935 sui
1083 3878 1319 3960 portaverunt5
1341 3874 1377 3940 in
1390 3890 1432 3938 suo
1461 3860 1467 3967 1

150 3969 297 4050 tempore
319 3962 513 4033 revelabitur
535 3963 671 4054 (etjam
693 3967 755 4056 est)
779 3977 839 4037 616.
