2948 5040
1261 102 1326 219 sss

30 325 96 400 vet,
121 339 165 385 ex
185 339 293 401 cause,
326 315 571 384 utdiscordiae'
585 316 661 383 illae
682 317 843 401 finiantur,
878 328 969 403 quae
984 336 1053 385 non·
1076 318 1327 385 cessarent-dn·‘

30 421 180 507 rantibus
213 412 266 488 his
287 420 448 507 dissidlis3
482 430 550 487 tum
579 404 797 509 impleverunt
829 423 951 487 cunam
980 444 1100 509 magno
1132 422 1271 489 militurn
1293 432 1326 490 et

31 525 390 612 custodum·nnmero,·‘
406 526 438 593 et
468 526 616 613 sequen-ti
643 524 702 595 'die
738 523 889 625 sabbathi
921 534 1083 593 torserunt
1104 527 1202 613 ,illum
1225 526 1327 607 altera

31 632 113 708 sice,
137 639 170 697 et
191 624 487 719 proclamaverunt,
511 629 598 719 quod
620 630 758 696 eumad
780 630 974 719 supplicium
997 631 1116 698 ducere
1139 643 1171 697 et
1193 631 1325 719 decapi-

11 735 95 817 ‚tari
117 755 230 815 curare
252 735 381 819 velint?
399 743 431 801 et
453 736 600 823 desuper.
614 735 667 801 die
689 736 865 803 Dominica
885 746 1141 824 procuraverunt
1163 739 1194 804 ei
1216 759 1325 802 sacer-
1370 746 1372 751 ’

32 838 143 905 dotem
159 839 403 922 confessarium,
423 839 528 907 utilli
549 841 682 907 missam
703 841 845 907 celebret
866 851 899 909 et
913 840 1126 913 eucharistiae
1141 863 1325 909 sacramen·
1444 894 1446 899 ,

32 952 103 1029 turn
126 945 281 1032 porrigat,
303 944 339 1010 id
359 944 619 1032 inter‘populum
633 966 792 1033 sparsum·
810 946 881 1025 fuit,
914 947 1000 1041 quod
1020 944 1161 1016 ‘eumin
1184 954 1328 1034 crastino
1431 947 1434 956 '

31 1048 77 1115 ad
100 1049 328 1117 decollandum
350 1047 497 1133 educent,
528 1047 651 1143 nullum
684 1059 792 1139 autem
828 1051 927 1127 alium
964 1058 1151 1142 suspectum
1179 1055 1222 1120 ad
1255 1058 1325 1145 ejus

33 1167 203 1234 torturam,
236 1155 284 1221 uti
307 1153 483 1219 secundum
512 1154 588 1242 jura
608 1155 679 1221 fie'ri
709 1155 816 1238 solet,¹
831 1156 1039 1228 admiserunt
1083 1146 1325 1248 Recolligentea

32 1284 172 1330 severo
199 1260 306 1348 primo
328 1259 514 1343 Pragenses
527 1258 618 1346 quid
640 1262 776 1347 egerint,
808 1270 842 1327 et
862 1261 1002 1346 solliciti,
1015 1288 1023 1299 ··
1041 1263 1200 1351 quomodo
1232 1258 1345 1333 illum¹

35 1365 156 1451 Slivlsa
176 1378 251 1430 c'um
272 1363 406 1450 reliquis
428 1354 601 1428 nominatis
623 1360 761 1431 liberum
783 1360 945 1452 dimittere
974 1377 1116 1456 possent,
1149 1370 1328 1461 instigare·

32 1479 113 1540 runt
125 1484 288 1556 'magnum
309 1482 495 1534 nnmernmi·
513 1466 556 1534 de
578 1468 645 1533 suis
666 1469 827 1536 uxoribus
846 1479 879 1536 et
900 1471 1057 1559 quosdam
1089 1471 1131 1538 de
1153 1473 1324 1561 equitibus,

33 1580 116 1643 'oum
137 1574 399 1641 administratore
420 1581 453 1667 et
474 1574 545 1661 ejus
567 1572 664 1656 clero,
694 1581 731 1639 ut
751 1596 811 1662 pro
833 1574 899 1641 illis
914 1618 919 1625 -
932 1577 1141 1647 intercedant
1184 1582 1322 1650 Factum

35 1683 150 1769 itaque
169 1677 240 1758 fist,
263 1678 350 1764 quod
372 1677 486 1744 eadem
499 1677 562 1744 die
593 1676 694 1744 lunae
713 1680 834 1744 curiam
865 1680 1078 1760 ascenderint,
1112 1692 1145 1750 et
1175 1709 1234 1775 pro
1257 1691 1326 1752 om·

13 1822 16 1827 ·
34 1785 134 1853 nibus
157 1782 262 1871 tribus
283 1784 535 1861 intercesserint,
557 1796 632 1849 non'
645 1783 738 1871 quasi
759 1806 819 1873 pro
840 1786 914 1870 reis,
938 1786 1027 1875 quod
1041 1789 1162 1855 rescire
1181 1812 1247 1857 non
1268 1813 1325 1879 po·

36 1899 156 1957 terant.
189 1889 473 1978 Pra‘gensesuero
495 1887 664 1954 audientes
685 1910 799 1977 preces
820 1888 949 1955 illarum
970 1889 1030 1957 sub
1052 1884 1230 1978 ¹praetextu
1253 1917 1325 1982 pro·

34 1998 172 2085 positas,
196 1982 283 2082 'quod
305 1992 371 2059 illis
394 2014 472 2081 vere
494 1992 608 2083 honori
630 2014 696 2059 non
717 1993 786 2078 luit,
812 1992 1005 2087 distulerunt
1015 1995 1050 2060 in
1065 1994 1199 2063 alteram
1221 2019 1326 2085 usque

31 2098 134 2183 diem,
173 2106 320 2187 petentes
352 2104 389 2162 ut
416 2097 576 2185 majorem
612 2119 781 2163 numerum
816 2096 858 2162 de
892 2099 1131 2165 communitate·
1154 2099 1325 2166 adducant.
1429 2090 1431 2095 ¹

29 2202 144 2272 Eccel
166 2226 275 2292 quam*
295 2202 467 2289 graveait
495 2201 646 2287 injuriam
679 2192 843 2290 obtegere.
895 2203 934 2269 In
960 2204 1106 2270 crastino
1138 2227 1216 2271 vero
1248 2227 1325 2271 con-

32 2310 203 2378 venientes
227 2328 341 2374 omnes
363 2294 558 2394 petiverunt,
581 2315 616 2372 ut
636 2306 685 2374 illi
708 2309 828 2395 captivi
843 2306 1046 2376 dimittantur
1067 2317 1103 2377 ut
1117 2311 1324 2396 innocentss;

39 2412 150 2478 datum
168 2411 234 2477 illis
256 2411 319 2476 fuit
339 2409 510 2476 amicabile
522 2430 722 2498 {responsum
745 2418 778 2477 et
804 2411 1114 2501 ed'fidejuseionem
1136 2408 1327 2480 dimiserunt

36 2538 105 2600 eos,
125 2517 160 2583 in
182 2506 247 2605 qua
267 2513 476 2603 fidejussione
497 2513 639 2580 maxime
654 2513 860 2602 obligabatur
880 2515 1024 2582 Joannes
1036 2516 1159 2602 Slivka,
1182 2539 1224 2583 ne
1239 2520 1338 2588 intra·

32 2624 180 2711 quatuor
195 2620 392 2708 septimanas
414 2619 586 2684 continuas
616 2641 659 2684 ex
686 2618 782 2686 domo
813 2642 870 2686 sua
898 2618 987 2686 nullo
1010 2629 1114 2705 exeat,
1146 2630 1178 2687 et
1201 2621 1242 2687 de
1264 2644 1324 2689 sno

31 2751 113 2796 casu
134 2727 217 2793 nulli
237 2727 396 2814 loquatur,
419 2747 524 2814 neque
546 2733 631 2812 agat,
661 2747 723 2791 nec
744 2723 842 2792 alicui
863 2725 904 2792 de
921 2725 999 2792 -hoc
1022 2727 1152 2810 scribat,
1190 2735 1221 2793 et
1242 2727 1322 2795 dum

31 2835 68 2901 in
107 2832 167 2899 diet
182 2831 297 2899 Martis
329 2831 533 2915 rogationum
570 2837 683 2919 quarta
717 2828 771 2894 die
807 2838 881 2918 post
916 2830 1049 2898 festum
1069 2831 1101 2898 S.
1133 2829 1259 2897 Urbani
1292 2832 1328 2898 in

32 2939 134 3011 curia·
158 2938 273 3003 sistere
308 2933 483 3018 debuisset,
528 2933 630 3001 abivit
662 2933 730 2998 die.
747 2933 846 3000 Jovis·
881 2934 1106 3022 praecedente,
1142 2944 1175 3000 et
1207 2937 1330 3001 sistere*

30 3042 156 3128 noluit;
181 3039 238 3107 sed
260 3038 473 3106 Wenceslaus
497 3039 583 3107 Sora
605 3045 639 3107 et
659 3035 826 3119 Modestus
848 3039 1006 3124 stiterunt,
1045 3040 1104 3129 qni¹
1133 3040 1230 3105 ctiam
1254 3040 1326 3105 sine
1360 3070 1362 3075 ·

30 3148 121 3215 omni
148 3148 352 3217 incommodo
388 3145 515 3228 dimissi
548 3144 688 3211 fuerunt.
731 3142 797 3229 Res
829 3142 960 3210 tandem
992 3166 1035 3212 eo·
1060 3142 1201 3229 devenit,
1236 3143 1323 3234 quod

35 3253 119 3320 illae
137 3246 319 3341 discordiae
341 3252 384 3318 ad
407 3250 507 3317 semel
529 3248 738 3332 cessaverint,
762 3256 873 3336 utpote
891 3247 1107 3331 illaudabiles,
1134 3251 1245 3336 itaque
1267 3249 1322 3315 hic

32 3367 150 3425 cantus
172 3357 259 3424 solus
281 3358 323 3424 de
345 3356 494 3423 exulibus
516 3351 663 3436 durabat,
698 3359 730 3418 ct
750 3351 857 3419 adhuc
877 3352 920 3420 de
951 3351 1024 3420 uno
1037 3355 1195 3444 quodam,
1227 3373 1320 3440 quem
1404 3376 1406 3379 ’

31 3462 75 3530 ob
97 3463 355 3529 aestimationem
377 3460 545 3535 nominare
567 3474 634 3550 non
655 3456 757 3523 decet.
787 3457 881 3524 Haec
901 3468 1035 3546 agentes
1057 3459 1099 3527 ob
1121 3458 1320 3529 voluntatem

33 3568 159 3637 domini
183 3569 231 3636 sui
253 3569 341 3654 regis
363 3575 438 3655 post
459 3565 639 3659 discessum
662 3562 731 3661 ejus
754 3563 787 3628 in
809 3561 997 3631 Moraviam.

572 3791 718 3859 CAPUT
742 3793 790 3858 12.

45 3852 59 3885 ὁ

37 3990 100 4054 Ubi
126 3993 306 4054 describitur
327 4011 375 4051 res
408 3991 484 4051 mira
511 3993 549 4051 de
571 3990 697 4068 quadam
719 3988 839 4061 aneilla,
863 4004 953 4063 quae·
973 3988 1090 4048 infirma
1117 3988 1215 4066 jacuit
1247 3990 1327 4069 apud

39 4080 136 4141 civem
158 4101 250 4140 unum
271 4080 302 4139 in
316 4078 484 4158 Opatowic‚
505 4079 535 4138 in
547 4096 607 4153 qua
627 4078 800 4137 infirmitate
815 4076 1013 4154 sanguineum
1040 4077 1179 4138 sudorem
1193 4078 1328 4151 sudavit,

39 4176 69 4226 et
91 4188 139 4228 res
161 4168 250 4227 miras
272 4168 373 4227 locuta
395 4165 461 4225 luit.
483 4167 560 4226 Item
583 4167 620 4224 de
641 4165 724 4228 abitu
745 4164 825 4242 regis
848 4183 914 4222 cum
937 4164 1073 4225 exercitu
1086 4166 1123 4224 ad
1139 4166 1325 4243 Hungariam

36 4262 106 4333 post
127 4253 349 4316 renovationem
382 4261 512 4326 senatus,
550 4253 601 4312 ubi
622 4247 696 4310 felix
720 4250 914 4331 esselcoepit,
938 4257 967 4308 et
992 4252 1055 4330 regi
1078 4251 1156 4314 filius
1180 4252 1323 4312 Maximi·

414 4343 513 4400 liunus
536 4346 623 4402 natus
646 4339 702 4400 fuit
724 4340 781 4399 hoc
803 4357 881 4398 anno
904 4346 957 4395 eto,
1085 4354 1087 4359 ’

127 4529 199 4595 Rex
232 4549 310 4595 vero
331 4524 425 4593 brevi
447 4527 563 4591 iterum
585 4525 636 4594 his
670 4524 786 4590 diebus
809 4522 1019 4591 Wratislavia
1051 4524 1085 4590 in
1123 4546 1231 4591 arcem
1252 4524 1328 4590 Pra-

38 4649 174 4721 gensem
195 4653 345 4698 reversus
369 4631 437 4709 luit,
469 4652 587 4718 nempe
610 4630 663 4696 die
686 4629 863 4697 Dominica
883 4632 1100 4718 rogationum,
1123 4631 1158 4694 in
1188 4629 1329 4694 crastino

34 4737 90 4805 die
113 4734 148 4807 S.
169 4736 306 4818 Urbani,
328 4735 386 4805 ubi
407 4736 627 4825 Pragensibus
642 4737 799 4806 'senatum
820 4737 995 4806 renouauit
1010 4737 1053 4806 in
1082 4755 1203 4804 eorum
1231 4733 1351 4796 annas
