2948 5040
91 152 143 223 18'

90 323 238 410 sumpsit,
259 340 335 387 cnm
355 323 500 388 maximo
522 322 735 411 Pragensium
759 324 884 392 solatio.
929 325 1085 413 Sequenti
1114 326 1169 394 die
1185 328 1283 393 lunae
1304 334 1386 413 post

88 423 259 499 meridiem
271 423 379 510 Praga
399 445 473 490 cum
483 427 598 512 regina
607 424 766 505 discessit,
785 426 988 514 Hungariam
998 451 1112 495 versus
1134 430 1197 497 iter
1207 429 1384 516 arripiens.

198 528 307 595 Etiam
331 527 413 595 illud
445 551 505 617 pro
537 533 695 597 memoria
722 535 827 598 notari
857 531 951 599 volo:
984 532 1062 599 dum
1093 557 1155 600 rex
1176 535 1284 622 prima
1306 534 1385 599 vice

92 633 455 720 Pragamadvenisset,
479 643 512 700 et
532 657 592 724 per
612 646 744 724 pontem
777 639 994 723 perrexisset,
1032 638 1164 725 quidam
1193 640 1275 705 civis
1297 637 1381 703 Pra-

87 739 209 824 gensis,
242 737 363 824 opificii
384 739 435 804 sui
468 738 700 826 ephippiarius,
723 742 854 806 nomine
886 740 1026 809 Matbias
1047 741 1172 824 Kalene,
1206 762 1281 807 cum
1304 740 1384 807 aliis

90 843 194 911 tribus
217 865 260 909 ex
281 841 461 930 petulantia
483 852 516 908 et
538 842 676 911 stultitia
696 843 887 911 desilierunt
908 868 968 932 per
988 851 1120 933 pontem
1141 848 1177 911 in
1202 845 1385 928 wltavam,

93 946 181 1035 quod
201 966 262 1011 rex
284 955 317 1011 et
338 946 538 1033 reginaoum
559 946 675 1013 aulicis
687 949 838 1014 sistentes
855 958 1105 1038 conspexerunt,
1129 952 1206 1038 quia
1219 958 1289 1015 nrm
1300 948 1385 1015 dae·

91 1053 197 1117 monis
219 1049 431 1117 infortunium
454 1049 542 1117 domi
575 1072 640 1116 non
674 1052 798 1137 aderat,
834 1061 871 1117 ut
902 1075 1096 1140 generosum
1118 1063 1226 1121 actum
1248 1054 1384 1121 demon·

86 1163 199 1240 ebant,
223 1164 255 1220 et
290 1164 489 1241 mergantur,
522 1154 581 1221 sed
617 1157 769 1243 exiguam
804 1157 987 1224 mercedem
1022 1157 1143 1224 exinde
1175 1167 1385 1246 receperunt

84 1258 205 1325 Adbuc
224 1258 355 1325 videtur
374 1259 596 1325 necessarium
628 1282 711 1344 esse,
747 1262 782 1326 in
810 1263 1022 1330 renovatione
1052 1270 1248 1345 senatorum,
1269 1272 1307 1327 ut
1328 1284 1385 1329 me

89 1362 254 1429 detineam
276 1371 309 1428 et
331 1361 501 1428 cerebrum
523 1363 559 1427 in
581 1362 709 1429 ossibus
731 1366 897 1451 attingam.
943 1364 1039 1446 Quod
1059 1368 1175 1433 attinet
1195 1365 1271 1431 illas
1297 1365 1383 1431 duas

89 1488 257 1556 personas,
290 1466 451 1533 Joannem
478 1466 614 1533 Hlawsa
635 1476 668 1532 et
699 1470 893 1554 magistrum
922 1468 1065 1553 Passek,
1104 1470 1161 1557 qui
1190 1470 1284 1557 quasi
1314 1469 1380 1535 duo

89 1571 263 1638 luminaria
284 1593 351 1636 non
374 1578 498 1637 tantum
521 1571 649 1657 Pragae
663 1571 722 1636 sed
739 1582 771 1637 et
792 1574 828 1639 in
850 1574 940 1639 omni
961 1581 1047 1638 statu
1069 1572 1160 1639 civili
1182 1594 1256 1638 esse
1274 1573 1384 1639 desie-

87 1683 174 1767 runt,
197 1675 274 1763 quia
295 1698 316 1740 a
337 1674 412 1739 Deo
435 1696 533 1762 super
553 1673 635 1740 alios
656 1674 806 1741 homines
828 1675 997 1743 intellectu
1019 1686 1052 1742 et
1067 1676 1253 1765 eloquentia
1268 1679 1383 1763 singu·

88 1779 150 1847 lari
171 1779 283 1849 donati
315 1778 455 1861 dierunt,
489 1779 606 1844 mentis
636 1787 744 1845 tamen
772 1780 923 1847 diversae
952 1783 1090 1848 fuerunt.
1124 1781 1208 1846 Nam
1239 1779 1379 1864 Passek,

92 1880 240 1976 quamvis
262 1895 434 1974 appareret
457 1885 617 1973 benignus
639 1885 732 1971 alias,
755 1894 863 1953 tamen
885 1888 1005 1974 reipsa
1028 1908 1102 1952 cum
1124 1885 1204 1950 vicit
1225 1884 1380 1950 immanis

89 1992 140 2057 ira
161 1988 274 2075 Caini3
298 1987 449 2056 dominus
471 1988 604 2055 Hlawsa
625 2012 703 2057 vero
715 1990 791 2057 huic
811 1991 873 2057 brit
894 1991 1085 2074 contrarius,
1108 2011 1226 2078 nempe
1249 1990 1381 2076 quietus

87 2103 120 2161 at
139 2093 312 2181 benignus.
356 2093 483 2159 Passala
505 2093 642 2159 donatus
676 2094 771 2160 donis
807 2116 907 2182 supra
935 2094 1017 2160 alios
1048 2093 1208 2182 quosdam
1230 2093 1381 2159 homines

83 2197 154 2284 fnit,
177 2200 348 2269 nativitate
370 2197 526 2264 oriundus
549 2197 590 2262 de
611 2197 713 2282 Knin,
735 2207 887 2285 parentes
908 2220 1071 2287 pauperes
1093 2198 1235 2283 habens;
1270 2205 1376 2264 mater

85 2303 157 2390 ejus
178 2305 270 2371 varia
288 2301 463 2385 vendebat,
487 2302 528 2367 de
550 2311 684 2390 parente
707 2301 935 2369 certitudinem
949 2304 1070 2368 rescire
1085 2301 1230 2389 nequivi,
1252 2313 1285 2366 et
1299 2301 1375 2368 ideo

90 2429 133 2475 ne
147 2429 169 2474 a
188 2408 327 2474 veritate
348 2406 506 2491 aberrem,
529 2416 656 2494 oportet
676 2407 860 2474 bominibus
882 2405 948 2471 tide
969 2406 1079 2493 dignis
1100 2408 1205 2492 magis
1227 2405 1375 2488 credere,

90 2520 124 2578 et
143 2512 263 2578 rationi
284 2511 393 2577 locum
415 2509 503 2589 dare,
526 2534 622 2599 quam
653 2511 771 2598 sigillis
799 2511 1001 2599 quorundam
1023 2511 1205 2595 hominum,
1237 2509 1301 2575 fuit
1321 2509 1378 2576 ille

92 2614 218 2682 Passek
240 2616 338 2681 etiam
359 2637 483 2704 pauper
504 2616 666 2683 scolarum
687 2628 795 2683 rector
828 2601 861 2679 el
882 2625 1004 2699 cantor,
1027 2615 1159 2681 tandem
1174 2616 1313 2681 veniens
1334 2612 1377 2679 ad

87 2718 261 2805 andagium
280 2719 462 2807 Pragense,
499 2720 732 2787 baccalaureus
768 2729 801 2786 et
834 2721 990 2805 magister
1012 2719 1115 2786 factus
1147 2728 1216 2804 est3
1253 2716 1374 2784 deinde

90 2822 216 2910 Pragae
247 2822 290 2892 ab
323 2823 665 2911 antiquo-orbensibus
699 2846 760 2911 pro
789 2825 944 2911 primario
978 2825 1012 2889 iu
1042 2833 1157 2890 senatu
1180 2821 1288 2888 scriba
1311 2843 1380 2887 sus·

90 2936 204 3014 ceptus
224 2935 298 3013 pest
319 2937 456 2993 mortem
487 2930 636 3016 magistri
664 2929 816 3016 Procopii
837 2952 858 2995 a
879 2934 1022 3017 quinque
1053 2929 1190 3012 coronis,
1220 2926 1382 2994 laboravit

89 3030 125 3097 in
145 3029 209 3097 boc
231 3031 335 3096 officio
358 3029 482 3120 aliquot
503 3032 609 3097 annis.
644 3030 794 3097 Tandem
822 3039 970 3120 tempore
991 3033 1079 3118 regis
1110 3029 1285 3098 Wladislai
1308 3052 1380 3119 pro·

88 3135 214 3201 curavit
236 3133 299 3201 sibi
319 3135 449 3221 insigne
471 3134 603 3220 nobile;
627 3143 745 3200 statum
769 3144 954 3222 equestrem
975 3135 1114 3223 adeptus
1137 3135 1199 3201 sub
1214 3156 1293 3221 rege
1316 3134 1379 3201 Lu·

89 3237 216 3322 dovico,
240 3246 273 3305 et
294 3237 370 3305 dum
393 3241 595 3325 resignasset
615 3238 657 3305 ab
681 3240 790 3307 officio
814 3240 953 3324 scribae,
976 3240 1099 3306 electus
1122 3242 1183 3306 fuit
1205 3249 1279 3328 post
1300 3262 1377 3328 pau·

89 3340 192 3409 lulum
224 3343 380 3430 temporis
406 3345 442 3408 in
475 3352 658 3409 senatorem
679 3366 783 3431 usque
805 3344 847 3409 ad
869 3344 951 3411 haec
972 3354 1135 3432 tempora3
1168 3344 1265 3427 bona,
1295 3364 1376 3433 quaa

90 3443 213 3530 habuit,
236 3445 300 3513 sibi
323 3448 511 3534 procuravit
531 3469 591 3534 per
612 3449 848 3535 procrustelam
882 3448 970 3536 apud
1001 3450 1095 3535 regni
1118 3447 1254 3530 tabulas,
1279 3457 1313 3514 et
1333 3449 1379 3513 ita

92 3570 220 3637 semper
250 3552 355 3638 magis
384 3551 513 3618 fortuna
535 3552 606 3639 ejus
627 3552 823 3640 augebatur3
848 3554 925 3640 quia
957 3560 1066 3640 potest
1098 3552 1190 3619 Deus
1213 3552 1378 3619 hominem

89 3674 267 3741 pauperem
299 3654 341 3721 de
369 3655 438 3721 luto
472 3655 598 3741 erigere
625 3656 723 3744 juxta
755 3659 950 3745 scripturam
976 3657 1011 3721 in
1033 3657 1170 3745 psalmo.
1207 3656 1263 3723 Ex
1284 3658 1376 3745 cnjus

89 3758 212 3845 insigni
234 3757 337 3825 nobili
359 3766 585 3825 ornamentum
608 3768 641 3825 ct
658 3759 815 3827 honorem
836 3759 988 3843 obtinuit,
1012 3761 1089 3827 dum
1113 3783 1149 3827 se
1172 3761 1304 3848 scripsit
1323 3760 1379 3827 Jo-

89 3883 206 3929 annem
228 3861 355 3929 Passek
378 3861 419 3927 de
441 3863 544 3947 Wrat,
567 3864 624 3932 ubi
640 3866 732 3952 juste
748 3888 868 3933 nomen
890 3889 1078 3954 sumopere
1093 3851 1377 3952 correspondebat,

89 3985 166 4033 nam
188 3988 266 4033 vere
289 3967 396 4049 vertit,
420 3977 452 4032 et
474 3971 641 4054 pervertit,
666 3970 742 4037 dum
767 3994 802 4038 se
824 3974 945 4039 nimiae
975 3970 1169 4053 crudelitati,
1201 3970 1379 4034 immensae

90 4070 266 4146 severitati,
290 4077 323 4134 et
342 4069 539 4139 intolerabili
574 4071 744 4140 afflictioni
767 4084 881 4142 contra
913 4076 1061 4143 homines
1091 4082 1261 4162 susceptae
1290 4073 1379 4140 dedi·

90 4171 148 4256 dit,
173 4180 206 4237 et
227 4171 395 4238 effundens
417 4197 581 4242 venenum
602 4179 671 4244 irae
694 4200 773 4245 suae
794 4181 830 4246 in
852 4200 981 4246 omnem
1003 4188 1139 4268 partem,
1170 4200 1209 4245 eo
1231 4200 1302 4244 rem
1325 4177 1378 4243 de·

89 4274 193 4356 duxit,
224 4282 261 4340 ut
281 4276 391 4344 multis
413 4278 598 4347 bominibus
629 4284 698 4350 vita
728 4285 860 4371 propria
893 4305 994 4350 exosa
1014 4285 1101 4352 facta
1120 4284 1228 4368 fuerit,
1259 4292 1293 4348 et
1313 4302 1379 4349 non

88 4386 215 4445 annum
236 4401 273 4446 se
293 4385 458 4469 pervertit,
482 4385 540 4452 sed
562 4387 664 4453 multa
685 4386 772 4453 bona
803 4387 963 4454 subvertit
986 4397 1019 4454 et
1040 4412 1059 4454 a
1082 4388 1167 4455 bono
1190 4387 1233 4454 ad
1255 4387 1376 4455 malum

87 4484 258 4567 convertit,
290 4495 421 4554 vertens
452 4510 509 4556 ees
541 4490 583 4556 ad
622 4491 782 4558 maculam
814 4492 942 4559 animae
976 4502 1009 4560 et
1046 4493 1191 4582 corporis
1220 4495 1377 4562 instincta

86 4582 248 4653 diabolico
281 4611 342 4678 per
372 4591 490 4659 falsam
521 4593 620 4660 fidem
653 4594 695 4661 ab
730 4595 916 4662 hominibus
947 4599 1166 4686 excogitatam
1203 4601 1377 4667 severitate

79 4709 216 4774 maetas„
235 4701 271 4759 ut
293 4695 420 4780 egerint
441 4697 629 4784 iniquitates
651 4720 786 4785 magnas
820 4701 1037 4788 inconsuetas,
1071 4703 1220 4771 volentes
1242 4727 1279 4772 se
1301 4726 1376 4794 pur·
