2948 5040
1293 124 1355 195 231

58 294 136 360 niae
159 293 283 378 ducem,
306 302 338 361 et
359 294 601 363 Ferdinandum
624 317 733 384 regem
754 294 941 364 Bohemiae.
962 297 1013 364 Ne
1034 318 1112 366 vero
1134 318 1155 364 a
1174 297 1230 365 via
1244 297 1358 387 procul

60 399 242 485 deflectam,
264 409 431 488 praetereo
453 403 515 480 hic,
539 424 621 488 quae
642 403 677 467 in
699 402 813 468 alienis
828 403 922 468 terris
944 401 995 468 his
1007 401 1216 491 temporibus,
1237 425 1356 494 nempe

61 503 104 571 ab
139 526 224 570 anno
266 505 401 571 Domini
439 507 520 573 1521
555 506 721 592 usquead
754 506 835 572 haec
871 516 1018 594 tempora
1051 515 1125 572 acta
1161 515 1244 595 sunt,
1278 507 1356 574 dum

59 631 185 696 nempe„
212 609 325 696 populi
359 618 471 675 contra
516 611 656 676 invicem
703 616 982 695 consurrexerunt,
1016 619 1052 683 et.
1090 614 1281 699 praesertim·
1323 613 1358 678 in

59 713 200 800 imperio
233 723 265 778 et
297 711 375 779 alibi
409 712 549 799 grandes
573 715 745 780 effusiones
783 715 950 802 sanguinis
973 724 1061 784 ortae
1095 716 1233 800 fuerunt,
1265 712 1357 804 piae·

59 822 176 886 sertim
208 828 320 885 contra
357 820 479 886 clerum
515 830 659 908 agentes,
697 843 740 887 ex
772 844 880 906 eausa,
918 824 994 913 quia
1018 822 1120 889 ferme
1164 841 1222 909 per
1259 828 1359 885 totam

60 923 331 989 christianitatem
378 924 516 1012 populus
567 924 729 1011 cognovit,
774 924 861 1014 quod
905 947 925 990 a
972 924 1071 1014 longo
1109 927 1181 1016 Jam
1213 916 1359 1011 tempore

57 1028 192 1094 illorum
225 1027 514 1116 praedecessores,
546 1030 625 1095 item
671 1031 759 1117 ipsos
803 1030 975 1096 modernos
1019 1029 1116 1098 valde
1153 1027 1358 1118 deceperint,

59 1142 93 1200 et
129 1155 195 1198 non
231 1132 334 1198 solum
380 1132 474 1199 bonis
512 1156 622 1200 eorum
669 1135 758 1220 illos,
796 1136 855 1201 sed
888 1137 1002 1219 etiam,
1047 1133 1155 1225 quod,¹
1178 1132 1251 1220 plus
1289 1139 1356 1216 est,

56 1235 229 1302 animabus
265 1237 478 1324 privaverint,
515 1237 736 1304 fraudulenter
765 1261 828 1305 eos
872 1238 1088 1327 decipientes,
1129 1245 1265 1327 'propter
1304 1236 1359 1302 de·

56 1342 155 1408 licias
170 1340 373 1437 ,corporales
396 1349 428 1406 et
449 1345 707 1410 aestimationem
728 1345 902 1432 propriam,
925 1366 984 1431 per
1005 1341 1088 1407 falsa
1127 1349 1159 1409 et
1188 1341 1360 1431 deceptiva

59 1469 122 1513 sua
142 1446 303 1532 dogmata,
330 1455 366 1512 ut
387 1446 485 1527 bona,
509 1471 592 1536 quae
613 1448 790 1536 possident,
814 1449 878 1515 illis
901 1448 1040 1532 tradant,
1063 1448 1126 1513 hac
1159 1468 1227 1534 spe,
1266 1449 1358 1535 quasi

55 1553 197 1643 perinde
219 1552 260 1618 ab
283 1552 429 1641 illispro
451 1555 590 1641 pecunia
613 1554 757 1619 futuram
779 1554 908 1619 felicem
930 1554 1031 1619 vitam
1054 1552 1117 1618 sibi
1152 1572 1269 1620 emere,
1281 1575 1355 1640 pos·

57 1667 152 1735 sent,
191 1657 277 1747 quod
314 1667 422 1725 tamen
469 1659 504 1722 in
539 1667 700 1746 potestate
733 1659 846 1725 talium
890 1651 1118 1747 perversorum
1154 1644 1358 1727 venditorum

55 1785 223 1853 nunquam
257 1761 326 1827 fuit.
383 1761 455 1843 Qua
490 1762 531 1827 de
558 1785 656 1828 causa
678 1763 782 1850 primo
804 1763 942 1851 populus
965 1766 1116 1830 exomni
1138 1773 1230 1852 parte
1257 1751 1372 1829 oeulis

58 1858 144 1936 haec
166 1867 382 1953 conspiciens,
417 1875 451 1932 et
486 1868 579 1953 qnasi
601 1866 642 1931 de
666 1889 778 1932 somno
812 1867 925 1933 divina
952 1868 1169 1956 providentia·
1190 1869 1360 1953 excitatus,

60 1997 105 2040 ex
125 1974 293 2060 agnitione
324 1972 427 2036 saneti
448 1970 622 2058 Evangelii
645 1980 678 2037 et
698 1972 844 2038 veritatis
867 1973 947 2061 ejus,
972 1971 1169 2060 edoctusque
1199 1995 1219 2038 a
1243 1973 1361 2060 magis·

54 2081 118 2148 tris
142 2079 209 2143 suis
231 2076 381 2142 fidelibus
403 2098 423 2141 a
446 2075 519 2142 Deo
540 2077 718 2160 illustratis,
741 2074 884 2164 undique
917 2085 1029 2142 contra
1062 2076 1192 2143 eosdem
1227 2098 1359 2143 consur·

58 2185 158 2268 rexit,
194 2167 411 2247 monasteria*
424 2180 525 2246 multa
557 2174 667 2265 diruit,
687 2181 863 2251 monachos
884 2177 1051 2266 moniales,
1083 2181 1295 2264 discalceatos
1326 2188 1360 2247 et

59 2289 143 2355 alios
161 2285 284 2353 incolas
307 2294 340 2350 et
362 2287 427 2351 otio
450 2287 629 2352 servientes
650 2287 816 2368 Romanos
850 2285 983 2375 expulit.
1037 2286 1107 2353 Illis
1141 2289 1238 2353 etiam
1279 2295 1359 2372 tern-

61 2391 192 2484 poribus
215 2391 408 2457 inchoarunt
430 2390 544 2458 diebus
566 2391 702 2457 Veneris
725 2400 757 2457 et
779 2390 851 2457 aliis
880 2393 1000 2480 jejunii
1029 2392 1229 2482 temporibus
1268 2393 1359 2458 vesei

65 2496 232 2582 carnibus3
254 2496 328 2561 Rex
365 2495 461 2560 etiam
495 2494 722 2562 Ferdinandus
745 2495 806 2562 sub
829 2518 886 2562 suo
908 2498 1067 2584 regimine
1099 2496 1217 2564 multos
1251 2496 1360 2564 subdi-

58 2613 111 2672 tos
146 2625 221 2669 suos
253 2603 453 2686 constitutos,
488 2625 606 2691 nempe
627 2605 662 2670 in
684 2602 827 2684 Austris,
851 2603 969 2692 Styria,
993 2601 1161 2693 Oarinthia
1182 2611 1214 2669 et
1241 2603 1360 2690 partim

58 2710 95 2776 in
120 2707 267 2774 Moravia
289 2706 331 2774 ad
352 2707 542 2795 Znoymam,
567 2716 599 2772 et
619 2707 738 2781 inaliis
751 2708 817 2773 suis
839 2707 1026 2795 regionibus
1037 2710 1104 2775 vita
1114 2710 1237 2797 privari
1259 2716 1291 2775 et
1312 2708 1360 2776 in·

54 2814 166 2881 terimi
190 2814 290 2901 jussit
319 2821 452 2900 propter
484 2813 639 2878 Sanctum
668 2811 902 2901 Evangelium3
936 2813 1023 2901 quod
1052 2815 1148 2880 etiam
1185 2815 1357 2903 episcopus

54 2918 286 2985 Passaviensis
308 2917 343 2993 in
366 2939 423 2982 suo
461 2914 605 2981 dominio
628 2917 705 3002 egit.

142 3021 284 3112 Ideoque
305 3031 454 3089 revertar
470 3022 577 3110 potius
600 3021 640 3088 ad
664 3020 938 3108 expugnationem
968 3043 1136 3088 romanam
1149 3085 1153 3093 ,
1162 3022 1260 3111 juxta
1281 3041 1354 3109 pro·

54 3129 192 3196 missum
225 3150 343 3212 meum,
376 3124 637 3209 describendam,
676 3127 758 3192 sicut
790 3148 834 3193 ex
861 3129 1080 3215 manuscripto
1112 3122 1223 3210 latino,
1257 3125 1353 3194 modo

56 3242 167 3300 autem
189 3235 224 3299 in
245 3232 360 3299 alienis
382 3232 477 3298 terris
512 3233 670 3321 impresso
703 3241 801 3321 atque
833 3231 929 3318 edito,
962 3230 1044 3300 illud
1073 3230 1220 3298 obtinere
1255 3232 1356 3319 potui,

55 3336 145 3425 quod
165 3360 225 3426 pro
247 3357 325 3404 vero
343 3335 491 3420 babetur,
515 3335 724 3425 sequentibus
746 3336 866 3404 verbis.

611 3542 757 3612 CAPUT
781 3544 832 3652 ll.

57 3743 120 3806 Ubi
142 3749 261 3803 notatur
284 3742 336 3802 ds.
353 3761 491 3804 caesareo
521 3741 661 3803 exercitu
692 3749 721 3802 et
743 3741 875 3819 ejusdem
905 3741 936 3801 in
958 3741 1057 3812 Italia,
1095 3749 1159 3803 tum
1180 3741 1361 3822 Florentiae,

57 3841 121 3890 tum
144 3832 257 3889 Romae
279 3832 502 3908 progressibus,
543 3838 572 3889 et
592 3830 660 3890 aliis
683 3825 804 3889 casibus
826 3829 857 3888 in
879 3830 929 3890 via
951 3829 1076 3902 exortis,
1097 3829 1149 3906 qui
1169 3829 1294 3891 feliciter
1310 3839 1358 3891 ta·

57 3938 125 3978 men
133 3937 270 3978 caesareo
278 3917 421 3978 exercitui
441 3917 632 3995 contigerunt.
656 3914 750 3977 Simul
758 3918 906 3994 quomodo
915 3919 1001 3996 Papa
1008 3917 1162 3978 Romanos
1173 3918 1356 3979 adhortetur.

147 4072 238 4137 Dum
259 4073 359 4158 igitur
380 4071 481 4160 Papa,
513 4081 549 4138 ut
569 4071 720 4138 inimicus
742 4073 867 4138 caesari
891 4094 927 4137 se
949 4070 1209 4159 opposuisset'et
1232 4067 1346 4136 foedus

62 4198 138 4243 cum
166 4198 244 4262 rege
266 4176 436 4259 Franciae,
469 4176 661 4242 Venetianis
690 4185 722 4241 et
750 4175 823 4242 aliis
853 4175 1006 4264 potentiis
1030 4176 1191 4258 inivisset,
1224 4163 1356 4263 publice

60 4282 159 4346 etiam
181 4281 383 4367 promittens,
407 4281 493 4368 quod
514 4302 591 4363 non,
625 4289 661 4344 ut
682 4279 763 4345 alias
785 4302 845 4368 per
866 4279 1009 4366 legatum
1039 4301 1136 4367 agere
1174 4277 1264 4363 velit,
1299 4277 1357 4345 sed

62 4388 203 4475 ipsemet
223 4383 439 4472 personaliter
461 4383 503 4449 ad
525 4392 632 4449 castra
664 4383 776 4453 venire
808 4392 841 4448 et
864 4393 975 4449 contra
996 4384 1173 4472 potentiam
1209 4403 1361 4469 magnam

66 4491 271 4579 imperatoris
293 4487 415 4555 bellum
439 4511 552 4576 gerere
573 4487 730 4553 intendat.
766 4487 888 4576 Oopiae
920 4475 1040 4576 autem*
1063 4500 1245 4564 caesareae,
1278 4507 1361 4574 qnae

67 4597 109 4662 ab
131 4594 280 4661 Insubris
291 4593 490 4660 Florentiam
502 4615 614 4660 versus
639 4600 671 4659 et
685 4592 885 4660 Favencium
901 4593 1111 4676 advenerunt,
1136 4592 1295 4680 superatis
1324 4592 1359 4656 in

68 4701 124 4769 vie
145 4700 255 4768 multis
276 4697 431 4790 periculis
454 4705 487 4765 et
507 4696 769 4784 adversitatibus,
791 4701 985 4788 praesertim
1006 4697 1048 4768 ob
1071 4696 1235 4766 defectum
1256 4716 1357 4761 anno·
