2948 5040
683 314 831 386 carui*
853 316 905 387 16.

146 519 187 582 In'
208 536 269 598 quo
289 515 464 579 insinuatur
487 516 525 578 de
546 515 726 596 imperatore
757 522 787 577 ιι
817 534 899 594 rege,
926 515 1075 594 quomodo
1105 514 1228 594 utrique
1251 517 1376 579 fortuna
1395 519 1442 579 his

145 607 330 686 temporibus
352 602 473 679 faverit,
494 605 601 683 Papae
622 623 695 664 vero
717 604 806 681 quale
832 596 1028 664 infortunium
1062 600 1234 667 aCaesare
1266 604 1439 683 contigerit

139 693 361 791 Tandemque
388 690 534 753 violentia
555 689 699 752 notabilis
721 709 862 763 numerus
891 691 1167 769 neobaptisatorum
1201 714 1258 773 pro
1280 693 1440 771 evangelio

378 785 487 840 sancto
508 796 563 857 per
586 773 763 857 episcopum
784 777 912 839 Fabium
933 777 1068 856 perditus
1090 777 1188 838 luerit.

220 963 271 1035 Ne
292 986 371 1036 vero
393 963 522 1033 cuidam
543 961 704 1048 rideatur,
727 985 781 1030 me
801 964 894 1031 varia
914 962 1437 1054 miseere,nullusm1retnr,qnod

134 1072 297 1163 incipiens
319 1093 502 1140 sermonem
523 1091 632 1137 meum
653 1070 689 1137 in
710 1068 774 1136 hoc
795 1070 878 1137 libro
901 1068 943 1136 de
965 1070 1123 1138 seditione
1138 1071 1315 1158 'Pragensi‚
1344 1072 1437 1136 etiam

132 1177 214 1254 mibi
241 1177 474 1268 proposuerim,
503 1183 540 1241 ut
560 1175 647 1269 iuter
677 1173 760 1241 haec
794 1175 891 1242 etiam
921 1174 1003 1242 alias
1037 1175 1145 1241 varias
1181 1197 1235 1240 res
1268 1175 1436 1266 adducam,

134 1304 219 1375 qnae
243 1303 309 1349 non
330 1288 455 1348 tantum
476 1280 511 1348 in
533 1301 637 1366 reguo
659 1278 848 1364 Bohemiae,
873 1281 931 1347 sed
954 1289 987 1347 et
1008 1276 1087 1346 alibi
1101 1281 1320 1366 contigerunt,
1353 1305 1439 1371 prae·

134 1388 246 1456 sertim
266 1407 345 1455 vero
367 1383 409 1451 de
431 1385 672 1475 expugnatione
693 1383 783 1450 urbis
805 1384 979 1453 Romanae.
1014 1384 1115 1453 ,Haec
1154 1386 1241 1450 enim
1264 1385 1343 1452 ideo
1373 1410 1437 1475 pro·

133 1513 256 1585 ponere
283 1490 369 1570 volo,
400 1499 437 1557 ut
468 1478 662 1574 innotescat,
709 1489 788 1578 quid
817 1491 942 1557 interea
973 1488 1127 1579 temporis
1164 1489 1252 1556 aliud
1285 1493 1438 1556 memoria

134 1599 270 1686 dignum
292 1595 413 1663 factum
434 1595 533 1663 fuerit
556 1618 614 1685 pro
647 1596 765 1661 notitia
798 1596 978 1663 futurorum
1011 1605 1193 1684 temporum
1223 1596 1306 1661 foris
1341 1596 1436 1662 domi·

138 1725 212 1792 que,
234 1699 401 1791 usquead
423 1700 684 1767 terminationem
706 1723 827 1788 nempe
852 1700 948 1790 hujus
985 1701 1113 1767 dissidii
1139 1701 1323 1784 memorati,
1357 1702 1436 1789 quod

136 1804 292 1873 videlicet
319 1814 492 1872 concernat
524 1828 635 1892 regem
682 1813 714 1870 et
746 1804 914 1872 dominum
942 1809 1036 1895 regni
1068 1806 1255 1888 Bohemiae,
1291 1806 1390 1871 simul
1410 1815 1437 1872 ιι

134 1908 269 1978 fratrem
292 1911 370 1999 ejus'
385 1911 615 1999 imperatorem
638 1908 803 1988 carolum,
827 1913 976 1998 quamvis
999 1911 1095 1976 etiam
1118 1918 1191 1976 acta
1211 1910 1343 1976 marina
1368 1933 1435 1977 eon·

132 2008 291 2100 cerneret,
324 2035 408 2103 quae
441 2015 539 2079 etiam
567 2020 704 2117 egerunt
735 2014 933 2104 antiquiores
974 2013 1135 2099 historici,
1173 2024 1206 2083 et
1250 2020 1288 2083 ιιι
1323 2019 1436 2086 talibus

136 2116 217 2185 locis
250 2126 283 2185 et
304 2117 529 2185 occasionibus
552 2118 657 2184 scita
677 2126 857 2205 gesserunt.
902 2116 997 2199 Quod
1019 2140 1096 2184 vero
1120 2125 1292 2196 concernit
1318 2147 1437 2215 expug-

135 2224 300 2290 nationem
321 2220 412 2288 urbis
433 2222 641 2289 Romanaea
672 2224 891 2312 suprascripto
917 2223 1058 2290 Caesare
1092 2235 1268 2311 causatam‚
1306 2229 1349 2296 de
1383 2253 1435 2320 qua

134 2327 190 2396 hic
211 2318 355 2395 scribere
387 2325 472 2413 volo,
510 2349 584 2393 eum
613 2326 671 2393 illa
701 2327 764 2393 hoe
793 2326 864 2394 loco
878 2328 1123 2395 occasionaliter
1143 2331 1335 2419 obveniant,
1364 2335 1433 2402 haec

134 2454 233 2522 agere
270 2430 373 2499 debeo
407 2453 450 2498 ex
483 2431 605 2521 duplici
642 2453 750 2501 causa
794 2432 903 2497 Prima
940 2455 1037 2500 causa
1080 2444 1129 2501 est
1164 2443 1437 2529 consanguinitas,

133 2559 217 2627 quae
237 2535 408 2604 interillos
423 2537 605 2620 intercedit,
627 2558 745 2624 nempe
767 2535 1015 2604 Gaesarem't
964 2562 999 2603 ιιι
1001 2547 1051 2605 ιιι
1072 2549 1105 2606 ιι
1125 2541 1250 2630 Regem
1272 2545 1434 2613 dominnm

131 2664 250 2727 meum,
272 2641 411 2730 ideoque
427 2642 524 2708 etiam
545 2663 681 2708 neeesse
704 2651 762 2727 est,
784 2642 883 2709 uthic
904 2643 1044 2710 scribam
1065 2646 1108 2714 de
1130 2646 1284 2715 (laeseris
1301 2659 1368 2717 tarn
1384 2672 1436 2716 no·

133 2746 227 2814 tabili
260 2756 293 2814 et
327 2748 484 2814 memoria
505 2746 604 2833 digno
637 2754 722 2832 actu,
755 2748 839 2813 sicut
860 2748 901 2814 de
923 2773 1001 2838 rege
1023 2751 1153 2818 domino
1174 2765 1265 2822 meo.¹
1292 2754 1438 2823 Secunda

135 2872 242 2936 causa,
265 2853 342 2938 quia
374 2850 417 2918 de
438 2860 504 2918 tam
538 2851 671 2918 notabili
709 2860 741 2919 et
776 2855 932 2920 memoria
953 2855 1051 2942 digno
1073 2867 1147 2923 actu
1168 2856 1218 2925 his
1240 2862 1436 2951 temporibus

131 2956 463 3047 nunquamauditum
485 2957 556 3041 fuit,
593 2966 630 3024 ut
663 2956 749 3023 haec.
766 2957 882 3044 aliquis
909 2961 943 3025 in
974 2962 1123 3028 effectum
1155 2963 1380 3053 perduxisset,
1411 2976 1438 3034 et

137 3062 303 3128 civitatem
334 3059 420 3127 hanc
454 3084 528 3127 cum
562 3060 656 3149 Papa
678 3070 711 3128 et
746 3061 964 3130 cardinalibus
987 3065 1211 3152 destruxisset,
1255 3072 1322 3138 nisi
1362 3072 1437 3139 sorte

133 3166 215 3232 'ante
236 3165 360 3255 aliquot
396 3174 550 3233 centenos
571 3188 685 3250 annos,
708 3174 853 3256 tempore
875 3177 1022 3235 veterum
1043 3171 1261 3239 Romanorum
1293 3184 1327 3242 et
1358 3200 1436 3265 gen·

134 3269 250 3337 tilium.
306 3269 451 3357 ideoque
484 3281 534 3338 est
565 3293 617 3338 ιιι
653 3271 870 3340 admiratione
906 3275 1005 3363 digna
1017 3325 1026 3361 ,
1070 3276 1157 3365 quod
1196 3277 1248 3344 his
1290 3279 1435 3355 dominis,

134 3395 253 3462 nempe
284 3375 471 3462 imperatori
508 3383 541 3443 et
571 3376 663 3444 fratri
700 3379 770 3467 ejus
807 3380 878 3467 regi
908 3380 1116 3448 Ferdinando
1149 3382 1232 3448 mira
1269 3393 1304 3451 et
1331 3387 1436 3454 incon·

135 3487 228 3546 sueta
263 3476 434 3545 advenerit
469 3477 597 3548 fortuna
620 3490 653 3550 ιι
672 3484 809 3552 victoria
844 3486 880 3550 in
902 3484 964 3551 hoc
985 3483 1123 3572 mundo,
1145 3487 1336 3575 imperatori
1372 3494 1435 3581 qui·

113 3582 221 3666 dem,
256 3581 342 3669 quod
374 3583 490 3649 vicerit
511 3606 623 3670 regem
644 3587 814 3673 Franciae,
838 3611 910 3655 eum
944 3590 1075 3676 ceperit,
1108 3590 1142 3655 in
1164 3593 1390 3681 captivitatem
1411 3607 1436 3663 et

134 3693 327 3774 potestatem
349 3708 440 3752 suam
462 3687 634 3777 redegerit,
658 3700 691 3757 et
712 3692 835 3760 tamdiu
866 3693 1049 3777 detinuerit,
1082 3692 1187 3762 donee
1206 3704 1435 3769 transactiones

129 3788 324 3861 'amicabiles
347 3790 408 3856 sub
441 3793 538 3858 certis
562 3794 800 3864 conditionibus
823 3797 1003 3863 interillos
1027 3799 1161 3867 effectae
1185 3802 1326 3870 fuissent
1360 3816 1433 3871 tem·

133 3914 215 3982 pore
237 3895 362 3961 vernali
383 3895 460 3960 anni
478 3897 571 3965 1525.
594 3899 741 3966 Tandem
764 3902 849 3991 quod
880 3904 1017 3968 Romam
1053 3908 1292 3995 expugnaverit
1313 3911 1433 3997 potenti

132 4021 241 4084 manu,
263 4009 296 4065 et
317 3999 439 4089 Papam
461 4002 522 4069 sibi
545 4002 777 4092 subjugaverit,
799 4006 841 4073 de
852 4030 915 4094 quo
933 4009 1018 4075 infra
1042 4009 1138 4077 latius
1158 4011 1329 4079 scribetur.
1362 4015 1435 4101 Regi

134 4106 231 4172 etiam
252 4103 460 4174 Ferdinando
473 4087 555 4174 haec
565 4108 694 4176 fortuna
708 4110 798 4196 favit,
812 4111 888 4177 dum
901 4135 1036 4200 regnum
1048 4115 1282 4203 Hungariae
1246 4140 1283 4183 ιι
1304 4119 1433 4211 adeptus

134 4208 205 4294 fuit,
226 4231 287 4275 rex
308 4208 374 4276 fact
361 4219 412 4276 tus
435 4218 473 4276 et
490 4222 663 4280 coronatus
673 4223 732 4298 est
756 4225 788 4282 et
775 4216 969 4283 tJoannem
991 4218 1212 4308 Stephanum
1203 4245 1237 4286 ιιι
1249 4221 1314 4288 hoc
1339 4246 1431 4312 regno

133 4314 424 4402 priuscoronatum
446 4337 519 4381 cum
542 4338 660 4404 magno
683 4319 829 4407 ejusdem
851 4332 1037 4411 contemptu
1060 4325 1195 4414 expulit
1217 4325 1284 4393 Sed
1306 4329 1429 4396 hoediu

132 4437 199 4484 non
228 4416 366 4499 duravit,
389 4426 485 4506 prout
505 4419 591 4486 infra
604 4421 759 4510 dicetur,
793 4424 904 4491 ultimo
929 4428 1015 4493 enirn
1039 4450 1077 4495 eo
1088 4429 1229 4514 devenit,
1242 4433 1332 4518 quod·
1347 4435 1428 4501 Hun-
1468 4418 1473 4495 l

133 4523 212 4608 gari,
235 4530 408 4611 antequam
431 4545 535 4590 annus
566 4527 723 4613 finiretur,
761 4539 896 4619 quatuor
932 4555 1137 4621 possessores
1169 4537 1265 4623 regni
1298 4541 1350 4605 sui
1383 4540 1429 4606 ha·

136 4625 275 4709 buerint,
311 4648 429 4716 nempe
450 4650 562 4715 regem
584 4630 789 4701 Ludovlcum
810 4659 830 4701 a
852 4635 967 4705 Turcis
990 4642 1131 4724 caesum,
1154 4662 1322 4708 caesarem
1356 4644 1427 4710 'Ibr

123 4729 231 4795 cicum
254 4752 483 4802 successorem
510 4735 593 4826 ejus,
615 4735 776 4808 loannem
798 4739 997 4832 Stephanum
1035 4744 1199 4832 quondam
1236 4744 1426 4840 Transylva·
