2948 5040
1317 153 1361 223 69

59 313 173 400 logiis,
195 315 230 380 in
250 314 380 400 fabulis,
403 317 577 405 figmentis,
600 320 778 388 audacibus
801 321 957 390 doctrinis
991 325 1076 392 bene
1111 326 1256 410 edoctus,
1279 349 1362 395 nun·

59 418 154 502 tium,
179 418 265 506 quod
288 443 331 486 ex
352 421 523 508 Hungaria
545 425 661 509 attulit,
684 428 856 510 intimavit,
881 427 1058 517 literaeque
1073 447 1101 495 ‘a
1121 452 1200 517 rege
1218 429 1362 516 protulit,

61 530 96 587 et
118 524 166 587 ita
187 524 336 588 fremitus
357 525 531 612 Pragensis
564 528 661 593 altius
694 529 834 616 pedibus
866 532 993 596 institit.
1038 532 1146 621 Atque
1168 536 1283 602 eodem
1306 537 1361 604 die

58 625 264 692 sacerdotem
286 627 457 712 Jaccbum,
482 631 683 698 sacerdotem
697 633 925 699 Wenceslaum
949 634 1093 714 Schidlo,
1117 647 1149 703 et
1167 628 1360 726 magistrum

58 729 221 795 Mathiam
243 731 442 816 Korambus,
481 740 533 821 qui
569 735 763 824 plusquam
785 759 850 802 uno
884 760 969 803 anno
1004 742 1138 807 exulare
1163 745 1250 831 jussi
1272 726 1385 830 sunt,

53 837 176 900 iterum
201 846 422 922 susceperunt.
466 837 506 903 In
528 837 591 904 hoc
612 862 792 926 congressu
806 842 904 907 etiam
920 845 998 908 novi
1017 844 1353 935 articuli‘conscripti,

55 948 91 1004 et
124 941 256 1005 nomine
288 943 387 1006 totius
411 943 651 1008 communitatis
675 947 827 1032 suscepti,
851 947 1033 1012 confirmati
1064 957 1096 1013 et
1118 949 1253 1016 stabiliti
1282 952 1358 1018 fue·

53 1051 143 1125 runt,
177 1065 216 1108 ac
247 1045 406 1132 inscripti,
441 1048 496 1133 qui
528 1048 576 1110 ita
598 1056 731 1132 sonant,
769 1058 867 1136 prout
899 1059 932 1116 et
965 1051 1084 1117 deinde
1105 1055 1177 1139 regi
1199 1052 1240 1119 ad
1262 1053 1354 1121 Hun-

56 1147 187 1233 gariam
210 1168 266 1213 eos
287 1147 454 1233 miserunt,
476 1151 512 1215 in
533 1148 584 1214 his
607 1150 737 1216 verbis:

601 1383 748 1450 CAPUT
771 1385 824 1451 24.

56 1489 125 1566 Quo
147 1496 288 1551 notantur
309 1491 427 1552 articuli
450 1512 469 1551 a
490 1501 554 1553 tota
576 1495 787 1554 communitate
809 1495 908 1569 electi,
943 1500 973 1552 et
995 1494 1153 1572 acceptati,
1176 1503 1210 1556 ut
1230 1517 1286 1574 pro
1308 1497 1355 1559 fu·

293 1579 369 1638 turis
397 1581 581 1657 temporibus
605 1588 775 1657 serventur,
799 1590 828 1641 et
851 1588 920 1640 sunt
941 1581 1051 1659 viginti
1073 1583 1141 1642 duo.

144 1783 186 1849 In
207 1785 339 1850 nomine
360 1783 433 1851 Dei.
470 1784 586 1852 Amen.
618 1784 686 1849 Nos
709 1784 821 1849 consul
843 1794 875 1848 et
898 1791 1038 1866 senatus,
1049 1781 1182 1871 judices
1199 1782 1351 1868 minores,

56 1887 204 1953 seniores
228 1888 478 1971 communitatis,
502 1897 534 1952 et
555 1896 624 1952 tota
644 1887 1064 1972 communitasPragensis,
1087 1894 1200 1952 notum
1214 1887 1354 1954 facimus
1411 1882 1413 1887 ’

56 1991 120 2057 hoc
142 2001 255 2056 nostro
280 1991 411 2078 scripto,
446 2001 479 2056 et
511 1993 776 2078 recognoscimus
810 2013 868 2078 pro
899 1990 994 2055 nobis
1030 1999 1062 2055 et
1083 1992 1203 2055 nostris
1227 2014 1355 2057 succes-

56 2095 186 2161 soribus
210 2095 374 2177 omnibus,
394 2104 426 2159 et
448 2096 585 2181 singulis
607 2098 796 2178 universim,
827 2095 882 2160 ubi
907 2095 1062 2182 scriptum
1085 2095 1148 2160 hoc
1171 2096 1357 2162 confectum

59 2209 92 2266 et
114 2201 259 2266 civitatis
282 2211 415 2265 nostrae
438 2198 532 2265 libris
554 2201 747 2288 inscriptum
771 2201 906 2286 legetur,
925 2198 1100 2276 videbitur,
1123 2210 1179 2264 aut
1214 2199 1281 2286 legi
1302 2222 1357 2266 au·

61 2303 187 2389 dietur;
225 2303 311 2391 quod
348 2304 564 2387 advertentes,
595 2304 755 2391 quomodo
788 2304 864 2368 unio
899 2312 931 2368 et
953 2302 1127 2368 concordia
1154 2304 1250 2390 juris,
1273 2325 1357 2390 quae

59 2407 153 2474 nobis
176 2407 267 2473 Deus
291 2406 495 2493 omnipotens
518 2407 559 2472 de
581 2409 686 2493 gratia
708 2430 766 2472 sua
789 2407 900 2494 largiri
930 2407 1083 2493 dignatus
1115 2415 1173 2489 est,
1196 2406 1292 2471 nobis
1328 2416 1361 2473 et

58 2511 303 2578 successoribus
335 2513 454 2576 nostris
489 2512 538 2575 sit*
570 2522 601 2576 et
625 2534 696 2577 esse
718 2513 823 2599 possit
844 2511 1038 2594 honorifica,
1068 2512 1164 2577 >utilis
1203 2520 1236 2575 et
1272 2509 1356 2576 fruc·

56 2624 163 2699 tuosa,
184 2615 385 2682 advertimus
409 2617 515 2696 etiam,
541 2614 627 2702 quod
662 2617 738 2679 unic
761 2615 851 2680 vocis
872 2615 1064 2702 praeprimis
1081 2615 1123 2680 ad
1146 2613 1227 2679 haec
1249 2636 1361 2680 neces·

59 2722 147 2785 saria
170 2721 221 2802 sit,
244 2728 340 2806 prout
360 2720 437 2783 unio
456 2720 596 2785 civitatis
619 2727 650 2783 et
667 2720 751 2806 juris
773 2719 919 2783 firmant:
944 2727 1154 2806 quapropter
1176 2740 1236 2783 nos
1251 2739 1362 2806 supra·

58 2825 173 2911 scripti
196 2822 308 2887 consul
333 2831 364 2887 et
387 2818 527 2903 senatus,
550 2821 680 2909 judices
704 2821 872 2887 inferiores
896 2831 929 2886 et
949 2829 1017 2886 tota
1041 2822 1254 2892 communitas
1281 2821 1359 2887 civi·

58 2929 134 2995 tatis
156 2927 332 3013 Pragensis
355 2929 389 2991 in
411 2926 473 2992 hoe
496 2928 728 3008 consensimus,
752 2935 787 2991 ut
803 2926 956 2991 articulos
987 2948 1064 2990 mox
1088 2925 1289 3011 subscriptos
1311 2925 1360 2989 in·
1390 2948 1393 2952 ’

57 3032 180 3098 violate
203 3053 433 3096 conservemus
455 3054 541 3096 nunc
565 3041 596 3095 et
617 3031 734 3096 futuris
757 3030 967 3117 temporibus.
1018 3052 1020 3057 ·
1056 3107 1058 3113 Ι

144 3134 228 3200 Item
250 3136 377 3221 prim03
401 3135 472 3200 laus
495 3145 528 3199 et
550 3135 653 3200 honor
674 3135 747 3200 Deo
771 3133 982 3221 omnipotenti
1011 3134 1082 3198 sine
1111 3132 1200 3201 omni
1220 3131 1358 3218 impedi·

57 3248 169 3306 mento
192 3239 296 3322 detur,
320 3261 409 3304 more
443 3238 514 3321 hoo,
549 3248 645 3326 prout
674 3262 694 3302 a
717 3239 901 3330 christianis
934 3261 995 3327 per
1015 3239 1205 3326 universum
1243 3239 1356 3331 orbem

58 3353 219 3410 terrarum
241 3344 402 3426 tribuitur,
426 3365 543 3430 nempe
564 3351 600 3406 ut
623 3343 741 3408 Sancta
765 3337 910 3408 Trinitas
940 3343 1126 3425 honoretur,
1150 3351 1262 3408 coetus
1279 3365 1356 3408 cce·

58 3448 151 3514 lestis
175 3470 195 3512 a
215 3448 310 3513 nobis
348 3445 498 3512 laudetur
536 3447 715 3511 secundum
748 3447 885 3532 gratiam
916 3446 1011 3513 nobis
1044 3445 1158 3511 aDeo
1182 3445 1301 3530 datam,
1325 3453 1358 3511 et

54 3555 153 3640 juxta
175 3553 298 3636 merita,
321 3561 357 3617 ut
379 3551 555 3639 adjuvante
580 3552 646 3616 Dei
669 3553 775 3638 gratia
799 3574 837 3616 eo
858 3553 1031 3639 pervenire
1053 3551 1227 3637 possimus.
1264 3540 1266 3548 ’

145 3655 249 3740 Item3
272 3666 308 3721 ut
328 3658 456 3722 incolae
478 3678 601 3738 omnes,
626 3665 658 3720 et
680 3658 769 3721 cives
794 3658 934 3722 civitatis
956 3664 1087 3721 nostrae
1109 3649 1300 3741 praesentes
1321 3662 1353 3747 et

58 3760 159 3825 futuri
182 3761 267 3826 inter
289 3783 323 3825 se
346 3783 412 3826 non
448 3769 619 3848 acceptent
653 3761 811 3843 homines,
844 3759 1028 3848 etquidem
1064 3774 1127 3822 nec
1149 3781 1248 3823 unum
1271 3778 1355 3822 mor·

57 3864 184 3940 talium,
208 3866 263 3951 qui
284 3866 572 3952 participationem
589 3875 720 3930 sanctae
743 3866 939 3946 christianae
963 3862 1135 3945 ,eeclesiae
1157 3851 1352 3928 universalis

58 3990 125 4033 non
149 3977 304 4051 servaret,
329 3977 360 4032 et
383 3991 449 4050 eos,
473 3969 584 4055 quiin
611 3970 750 4033 ecclesia
784 3977 894 4032 sancta
925 3967 1173 4055 triumpharunt,
1197 3967 1299 4054 sequi,
1326 3973 1359 4030 et

59 4094 172 4137 eorum
197 4072 417 4138 solemnitates
452 4077 696 4138 commemorari
720 4073 829 4157 nollet,
865 4075 948 4136 sicut
970 4073 1137 4140 christiani
1154 4075 1257 4160 primi
1278 4091 1355 4156 ege·

58 4186 156 4261 runt,
179 4187 216 4241 ut
238 4199 350 4242 omnes
373 4178 482 4242 omnia
505 4176 757 4256 christianitatis,
784 4184 987 4243 sacramenta
1017 4200 1037 4242 a
1060 4176 1189 4242 Christo
1211 4175 1355 4240 Domino

59 4281 218 4363 instituta,
243 4290 276 4345 et
296 4283 331 4344 in
365 4290 477 4345 sancta
510 4280 685 4345 christiana
707 4280 846 4345 ecclesia
880 4279 921 4344 ab
953 4280 1103 4345 omnibus
1125 4279 1278 4347 fidelibus
1301 4299 1353 4342 ac·

59 4393 192 4473 ceptata
214 4406 392 4468 servemus,
416 4403 448 4450 et
471 4388 504 4449 in
527 4385 592 4450 illis
615 4407 635 4450 a
657 4407 849 4473 quocunque
878 4385 967 4451 nullo
1000 4385 1097 4452 modo
1128 4407 1188 4479 nos
1212 4386 1357 4448 sinamus
1457 4416 1460 4421 ·

60 4491 239 4567 immutari,
263 4491 333 4556 sive
356 4488 490 4554 a'laici's
513 4498 569 4554 aut
591 4487 729 4559 clericis.
756 4488 897 4554 'Omnes
918 4491 1000 4555 ritus
1030 4490 1223 4555 christianos
1245 4489 1281 4552 in
1302 4490 1353 4551 eo-

60 4597 164 4662 clesia
187 4603 301 4659 sancta
323 4603 504 4676 consuetos,
528 4596 584 4681 qui
605 4594 671 4680 legi
695 4594 826 4660 divinae
850 4617 916 4661 non
931 4594 1154 4676 adversantur,
1177 4605 1213 4657 ut
1228 4590 1356 4656 honesti

61 4721 241 4778 servemus,
264 4698 347 4764 sicut
368 4707 590 4767 antecessores
612 4700 715 4763 nostri
743 4700 779 4765 in
810 4701 871 4766 hac
890 4688 974 4766 'urbe
997 4704 1296 4774 conservaverunt,
1307 4715 1367 4756 us-
