2948 5040
1275 114 1338 253 12'1

44 321 136 387 bona
158 329 191 388 et
218 320 359 389 ditiones
391 344 466 388 suas
498 327 768 409 consumpserunt
803 321 839 386 in
869 318 1130 410 expeditionibus
1161 322 1272 408 variis,
1306 333 1340 390 et
1430 332 1433 337 '

47 448 110 492 nos
133 428 256 513 pariter
286 429 332 493 ita
353 429 436 492 mori
457 426 686 493 intendimus!
730 425 826 491 Haec
847 446 959 492 omnes
986 425 1170 513 ,audientes
1204 426 1341 516 quilibet
1447 480 1451 486 .

45 531 273 620 profitebatur,
308 555 345 598 se
379 531 465 599 velle
503 533 674 599 veritatem
707 531 845 597 edicere.
897 530 1045 596 Tandem
1072 532 1241 619 jusserunt
1272 532 1339 620 legi

47 636 216 719 articulos,
238 659 377 725 quorum
399 639 523 725 primus
554 646 646 703 sonat
667 637 703 707 in
724 636 806 703 haec
826 635 945 703 verba:
979 634 1087 702 Corde
1108 636 1206 703 credo
1227 645 1262 703 et
1282 659 1339 703 cre

46 741 213 830 profiteor,
237 741 324 829 quod
345 743 380 806 in
403 750 604 808 sacramento
625 741 737 806 altaris
759 751 830 825 etc,
865 747 899 806 et
926 741 974 806 sic
996 740 1131 807 ulterius
1153 751 1339 809 contentum

48 848 149 911 etiam
171 848 207 911 in
228 846 303 911 aliis
324 846 480 931 articulis,
512 848 651 935 quaein
673 846 737 931 hpo
757 846 864 933 capite
884 844 982 934 paulo
1010 854 1085 933 post
1105 845 1340 914 describentur.

47 952 94 1017 Et
115 953 194 1020 dum
215 950 387 1017 articulum
417 942 506 1019 hunc
532 950 758 1039 perlegissent,
791 952 941 1031 stiterunt
971 942 1129 1032 nonnihil,
1163 940 1341 1038 quemlibet

46 1057 147 1145 juxta
180 1056 329 1121 ordinem
359 1057 606 1143 interrogantes,
640 1078 689 1141 aa,
714 1056 777 1121 hoc
809 1053 921 1123 credat
952 1052 1006 1120 vel
1039 1054 1129 1119 nou?
1172 1055 1227 1123 Ad
1259 1056 1341 1123 baec

49 1159 290 1249 responderunt
312 1161 453 1248 quidam,
476 1160 664 1248 profitentes
695 1182 730 1225 se
758 1161 804 1224 ita
826 1157 970 1224 credere.
1014 1156 1065 1223 Et<
1078 1156 1156 1223 dum
1177 1163 1224 1227 ita
1244 1184 1341 1227 unus-

55 1267 198 1353 quisque
226 1265 580 1353 respondere;debuit,
612 1264 718 1330 dixit:
750 1261 856 1345 Credo
888 1265 1037 1330 omnibus
1069 1264 1179 1332 verbis
1212 1266 1345 1347 divinis,

55 1393 143 1459 quae
165 1369 301 1435 fundata
331 1372 462 1436 suntin
491 1372 650 1459 scriptura
678 1390 782 1452 sacra,
812 1377 845 1433 et
875 1367 922 1433 ita
949 1368 1017 1455 legi
1049 1368 1181 1436 divinae
1210 1370 1346 1435 firmiter

38 1475 166 1559 credo,
189 1474 277 1563 quod
298 1476 333 1539 in
355 1497 395 1541 ea
415 1496 468 1540 res
500 1496 599 1541 verae
628 1471 829 1539 adsalutem
850 1472 1054 1547 necessariae
1085 1473 1238 1540 fundano
1270 1478 1366 1560 sint,

55 1580 247 1661 nominatim
269 1591 377 1644 autem
399 1579 440 1644 de
463 1573 666 1644 sanctissimo
688 1577 902 1643 eucharistiae
924 1587 1133 1664 sacramento,
1155 1578 1213 1645 ubi
1235 1578 1344 1647 Chris-

58 1694 113 1748 tus
137 1686 305 1772 accipiens
338 1672 466 1771 panem,
500 1685 604 1750 dixit:
637 1683 721 1748 Hoc.
742 1690 806 1769 est·
824 1703 941 1768 corpus
971 1705 1090 1767 meum,
1129 1692 1163 1749 et
1182 1684 1347 1773 accipiens

56 1788 207 1871 calicem,
229 1789 332 1854 dixit:
354 1787 422 1854 Hic
443 1799 493 1854 est
513 1789 645 1874 sanguis
667 1808 758 1852 meus
781 1795 840 1852 etc.
856 1788 954 1874 juxta
974 1786 1122 1852 latiorem
1144 1780 1268 1854 textum
1288 1798 1364 1879 po-'

56 1895 166 1976 situm,
190 1894 236 1958 ita
258 1895 342 1957 sicut
376 1891 535 1976 Christus,
569 1902 602 1958 et
624 1893 658 1957 in
681 1914 776 1978 quem
808 1891 910 1957 finem
935 1888 970 1956 id
995 1892 1164 1957 instituere
1196 1893 1348 1981 digeratus
1381 1944 1386 1951 .

56 2008 117 2083 est,
151 2007 185 2063 et
207 1998 289 2063 haec
310 2020 363 2062 me
384 2006 536 2086 parentes
568 2005 601 2062 et
628 1997 829 2062 institutores
861 1996 1048 2065 docuerunt.
1093 1994 1278 2077 Quaerebat
1304 2021 1348 2067 ex
1387 2064 1391 2073 ,

55 2104 114 2169 ἱΗο
137 2101 382 2169 administrator
405 2124 470 2167 una
491 2102 635 2168 alterave
656 2102 747 2186 vice3
768 2123 812 2166 an
835 2099 946 2166 credat
967 2103 1145 2170 secundum
1165 2103 1253 2170 hunc
1273 2106 1348 2169 arti·

60 2208 172 2273 culum
194 2209 315 2290 omnia,
336 2206 391 2274 vel
411 2205 507 2273 non?
529 2215 562 2271 et
582 2204 670 2292 quod
689 2205 733 2270 de
755 2205 830 2292 lege
851 2205 963 2271 divina
979 2192 1209 2277 nibildictum
1222 2207 1365 2293 fueriti

60 2311 243 2399 Respondit
256 2312 330 2376 ille:
353 2311 439 2400 quod
451 2312 486 2377 in
500 2310 552 2376 his
566 2319 721 2376 constans
733 2319 937 2407 permaneat,
959 2333 1043 2400 quse
1056 2311 1150 2397 dixit,
1172 2323 1349 2402 etrespon-

61 2439 135 2481 snm
164 2415 256 2482 aliud
288 2415 368 2482 dare
400 2437 465 2482 non
497 2416 619 2504 posit,
654 2423 688 2480 et
725 2413 852 2480 addidit
880 2425 912 2480 et
932 2416 1053 2505 ,judico
1084 2441 1137 2485 me
1169 2418 1349 2508 quaestioni

57 2529 191 2587 vestrae
213 2520 422 2588 satisfecisse.
453 2521 601 2587 Audiens
629 2521 722 2586 illum
743 2519 992 2608 administrator,
1026 2508 1130 2590 dixit:
1151 2525 1226 2591 Janr
1258 2523 1349 2592 audi·

57 2627 180 2710 rimus,
215 2625 293 2714 quid
315 2626 405 2691 inte
433 2625 565 2690 haereat
597 2633 630 2691 et
661 2625 769 2708 lateat,
800 2625 917 2693 recede
945 2639 978 2693 et
1005 2626 1091 2695 vade
1122 2627 1261 2695 domum
1304 2628 1349 2695 Et

54 2733 145 2797 inter
166 2729 242 2813 alia,
264 2730 341 2796 dum
363 2729 460 2795 illum·
478 2730 656 2819 quemlibet
677 2732 818 2796 citarunt
845 2731 888 2796 ad
916 2732 1088 2801 ecclesiam
1116 2757 1176 2823 pro
1199 2735 1348 2801 correcti·

54 2859 123 2903 one
145 2834 322 2923 subcripta,
338 2832 342 2837 ’
357 2833 510 2901 dixerunt
544 2834 670 2901 eidem:
703 2833 851 2923 quamvis
884 2838 992 2921 omnia
1019 2861 1040 2904 a
1068 2838 1163 2906 nobis
1196 2837 1349 2905 mandata

57 2941 284 3030 exequereris,
306 2948 414 3005 tamen
435 2938 496 3004 tibi
525 2941 714 3027 promittere
745 2960 812 3004 non
843 2962 1024 3027 possumus,
1055 2952 1091 3008 ut
1122 2944 1307 3032 suscipiaris
1328 2965 1350 3010 a

57 3053 178 3129 senatu
199 3065 259 3132 pro
281 3045 362 3109 cive.
405 3042 498 3109 Haec
520 3042 610 3108 diota
624 3044 695 3131 jam
716 3042 816 3108 fidem
836 3065 903 3110 non
923 3045 1172 3129 concernebant.

147 3148 233 3215 Item
253 3146 335 3213 alios
355 3149 403 3213 ita
424 3156 591 3235 suspectos
612 3147 648 3212 in
668 3147 734 3213 fide
753 3145 928 3215 habebant
968 3150 1058 3215 Dum
1078 3152 1188 3239 itaque
1208 3151 1265 3219 diu
1284 3172 1349 3218 ser·

57 3275 178 3321 mones
201 3276 275 3319 cum
298 3251 413 3318 eodem
447 3252 692 3340 protraxissent,
725 3262 803 3319 tunc
829 3254 863 3319 in
896 3255 1036 3320 crastino
1069 3255 1175 3321 eidem
1207 3256 1350 3343 negotia·

58 3361 185 3425 tionem
209 3367 243 3425 et
263 3358 418 3423 alimenta
438 3356 692 3444 praecluserunt
724 3357 770 3422 Et
791 3359 844 3424 oui
866 3381 909 3424 ex
930 3360 1121 3426 consistorio
1143 3360 1234 3428 exire
1254 3382 1350 3448 prae-

58 3470 229 3551 ceperunt,
246 3464 318 3550 jam
340 3471 534 3548 exspectare.
552 3462 658 3549 potuit
686 3484 705 3527 e
727 3463 858 3528 civitate
879 3461 1119 3549 relegationem,
1152 3467 1216 3530 nisi
1238 3464 1346 3529 soluti·

59 3590 126 3635 one
147 3589 218 3634 rem
239 3575 341 3632 tritam
367 3564 571 3634 reddidisset
616 3565 706 3631 Dum
727 3565 858 3632 tandem
879 3566 936 3632 alii
964 3566 1070 3633 adbuc
1096 3570 1131 3634 in
1160 3569 1349 3634 consistorio

58 3674 332 3762 permansissent,
354 3671 503 3758 legemmt
522 3670 588 3737 illis
610 3670 692 3736 alios
713 3670 877 3755 articulos,
899 3694 1001 3758 usque
1022 3672 1193 3757 adfinem,
1214 3674 1349 3738 interro·

56 3787 177 3865 gantos
209 3799 275 3861 eos,
307 3785 345 3841 ut
362 3779 463 3864 prius,
495 3799 539 3841 an
560 3776 641 3842 haec
662 3775 823 3842 credant?
856 3785 892 3841 ut
920 3766 1174 3864 sicut'primum,
1206 3777 1254 3843 ita
1273 3775 1348 3843 reli·

60 3904 131 3971 qua
150 3881 363 3970 profiteantur
383 3903 419 3945 se
441 3883 487 3947 ita
508 3880 651 3946 credere.
694 3880 816 3947 Ultimo
840 3880 970 3946 tandem
991 3880 1148 3967 quosdam
1171 3902 1349 3970 segregans

57 3984 317 4067 administrator,
338 3982 505 4050 mandavit
527 3985 584 4067 eis,
607 3992 645 4050 ut
665 4006 700 4049 se
722 3985 769 4050 ita
788 4007 903 4071 gerere
926 3985 1084 4051 studeant.

146 4089 186 4155 In
209 4090 350 4155 crastino
383 4089 510 4172 autem,'
535 4088 612 4154 dum
634 4089 668 4153 in
691 4087 829 4153 ecclesia
845 4090 943 4176 juxta
964 4089 1152 4155 mandatum
1174 4090 1348 4157 convenis-

56 4204 145 4279 sent,
180 4204 249 4261 tum
283 4193 435 4260 sacerdos
456 4192 654 4259 Adalbertus
676 4191 860 4258 Polekruce
892 4193 1008 4277 dictus,
1027 4203 1104 4281 post
1136 4193 1350 4277 elevationem

56 4301 257 4369 sacramenti
279 4297 448 4366 admonuit
476 4298 561 4381 illos,
584 4306 620 4363 ut
640 4301 873 4363 correctionem
889 4296 1077 4365 hesternam
1098 4322 1207 4366 coram
1228 4298 1348 4387 populo

54 4406 215 4473 universo
237 4406 271 4469 in
303 4403 392 4469 hunc
424 4425 554 4468 sensum
581 4412 747 4491 repetant;
776 4405 1007 4492 prius.autem
1035 4413 1193 4472 rovocent
1223 4405 1349 4493 priores

57 4512 123 4592 (ita
144 4507 322 4598 loquendo)
347 4529 481 4573 errores.
523 4506 637 4595 Itaque
669 4509 717 4573 eis
745 4507 781 4572 in
813 4507 927 4575 ordine
948 4508 1030 4596 legit
1056 4531 1099 4576 ex
1128 4517 1287 4593 sextante,
1317 4514 1351 4573 et

54 4615 201 4707 populus
217 4616 316 4705 Juxta
336 4611 428 4679 illum
449 4611 495 4679 ita
515 4610 616 4680 dixit:

505 4715 599 4785 Haec
620 4716 682 4784 fuit
703 4717 888 4785 revocatio:
