2948 5040
1296 156 1361 229 145

63 331 225 419 sapientia
245 329 363 397 Vestra
384 337 417 396 et
436 329 611 415 intellectu,
633 339 762 419 praeter
783 349 914 397 sensum
937 324 1069 414 Christi,
1089 337 1218 417 praeter
1239 329 1362 418 scripta

62 435 180 501 horum
213 442 348 522 quatuor
381 434 513 500 testium
556 434 814 522 supradictorum
843 441 877 501 ot
906 440 1036 522 praeter
1063 432 1257 521 quemlibet
1288 455 1361 500 sen·

63 563 137 606 sum
160 541 339 629 scripturae
361 540 443 627 legis
478 539 609 607 divinae
640 540 848 623 mandantes,
889 546 922 604 et
951 546 1120 624 cogentes.
1136 545 1248 604 eontra
1278 537 1361 606 haec

63 646 183 729 omnia,
198 701 201 713 .
217 653 250 711 ct
282 653 394 711 eontra
413 645 578 734 propriam
601 667 692 711 suam
714 644 955 726 conscientiam,
977 630 1014 708 ut'
1034 641 1129 709 vobis
1151 639 1286 708 credent
1324 650 1358 709 et

62 749 286 841 profiteantur,
308 750 343 814 in
366 757 567 815 sacramento
578 747 955 835 visibilialtariscorpus
982 744 1217 833 etsanguinem
1236 745 1360 813 Christi

62 875 180 922 verum
201 853 310 919 Deum
341 862 374 919 et
393 853 557 919 hominem
578 853 614 918 in
637 873 696 918 sua
715 852 848 941 proprio
881 848 1062 916 substantia
1095 871 1173 916 suae
1201 849 1358 917 naturalis

64 958 235 1034 essentiae,
259 958 493 1045 quam-'sumsit
514 957 556 1024 de
576 955 682 1023 Maria
722 955 858 1044 Virgine
881 961 986 1040 natus,
1009 963 1043 1022 et
1063 953 1155 1022 sedet
1175 976 1197 1022 a
1217 953 1362 1022 dexteris

62 1061 130 1127 Dei
153 1060 403 1150 Omnipotentis.
441 1116 444 1121 .

456 1229 460 1239 '
530 1208 563 1333 J
615 1249 761 1319 orror
785 1251 839 1318 re.

337 1490 340 1499 Ι
392 1394 615 1487 continuantur
636 1397 739 1459 literae
764 1394 867 1457 fratris
889 1393 1034 1455 Mathiae.

108 1632 111 1639 -
151 1581 303 1650 Secundo
336 1581 435 1650 vultis
456 1592 492 1649 ut
513 1583 607 1651 vobis
630 1583 764 1650 credant
796 1591 829 1649 et
858 1580 1080 1675 profiteantur,
1114 1577 1201 1667 quod
1234 1578 1269 1644 in
1291 1598 1360 1646 sac·

62 1695 211 1754 ramento
234 1695 266 1754 et
296 1688 332 1752 in
367 1690 581 1754 monstrantia
611 1689 654 1755 sit
676 1710 793 1777 eorpus
815 1696 848 1753 et
869 1686 1001 1773 sanguis
1021 1683 1102 1750 Jesu
1124 1680 1248 1749 Christi
1268 1680 1359 1751 unita

61 1788 199 1877 Deitati,
231 1791 356 1858 hebens
387 1794 579 1881 sanguinem
615 1801 648 1859 et
675 1794 828 1875 animam,
872 1813 969 1879 quam
1003 1789 1111 1855 emisit
1152 1785 1301 1854 dolorosa
1321 1789 1359 1859 iu

63 1918 161 1965 cruce
182 1898 392 1985 morienspro
413 1899 557 1986 peccatis
578 1898 699 1963 nostris
722 1906 782 1963 ete.
805 1896 859 1962 Ad
874 1895 956 1961 haec
977 1895 1086 1960 omnia
1111 1889 1233 1958 nullam
1256 1893 1359 1980 scrip·

63 2010 169 2067 boram
202 2023 329 2068 sacrem
361 2002 489 2068 hebetis
520 2004 555 2068 in
585 2010 651 2068 toto
674 2008 867 2067 testamento
899 1999 1021 2082 divino,
1065 2021 1128 2064 nec
1155 2000 1191 2064 in
1219 1999 1359 2067 lectione

63 2128 159 2173 sacra
179 2106 353 2174 vorborum
376 2106 506 2192 Christi,
529 2129 591 2173 nec
613 2106 708 2173 dietis
743 2106 971 2195 apostolorum,
1004 2103 1220 2191 nequeenim
1243 2101 1356 2170 Chris·

63 2219 128 2295 tus,
159 2233 221 2279 nec
252 2212 339 2279 ullus
368 2212 588 2300 apostolorum
627 2232 771 2300 unquam
803 2210 886 2277 haec
929 2208 1118 2292 docuerunt,
1149 2208 1359 2296 scripserunt,

67 2314 168 2383 locuti
187 2326 270 2402 sunt,
292 2340 355 2384 nec
376 2319 569 2406 cogitarunt,
592 2339 699 2407 neque
717 2338 832 2383 corum
856 2337 1012 2404 sequaces
1033 2312 1159 2399 fideles,
1180 2313 1252 2380 veri
1284 2313 1359 2381 doo-

69 2427 154 2487 tores
172 2420 257 2509 legis
279 2422 420 2509 divinae,
455 2433 488 2490 et
510 2425 689 2512 scripturae
711 2421 794 2490 Jesu
818 2420 951 2505 Christi,
987 2420 1042 2510 qui
1064 2417 1162 2507 paulo
1195 2427 1270 2485 ante
1299 2441 1360 2487 nos

64 2522 210 2611 fuerunt,
230 2535 264 2593 et
284 2527 390 2594 adhuc
414 2536 497 2612 sunt,
519 2527 675 2617 populum
697 2528 744 2593 ita
764 2525 953 2609 docuerunt,
977 2523 1156 2590 etedhaec
1169 2545 1235 2589 non
1258 2523 1359 2593 duxe-

63 2639 150 2708 runt,
183 2639 220 2697 ut
252 2630 423 2699 crederent
457 2631 624 2699 Christum
645 2632 824 2698 Dominum
845 2644 959 2697 verum
989 2628 1098 2695 Deum
1131 2636 1164 2692 et
1194 2627 1360 2698 hominem

63 2732 334 2820 substantialiter,
359 2737 443 2802 sicut
464 2759 485 2802 a
506 2735 651 2802 dexteris
673 2735 740 2801 Dei
761 2735 867 2801 Patris
889 2734 924 2798 in
946 2731 1038 2798 coelo
1061 2731 1162 2818 sedet,
1190 2736 1227 2801 in
1247 2737 1359 2804 altaris

60 2840 279 2907 monstrantia
300 2839 427 2924 adesse,
462 2848 495 2906 et
516 2839 728 2928 profiteantur
749 2859 888 2926 eumque
910 2835 1056 2920 adorent,
1080 2838 1165 2904 sicut
1186 2862 1247 2907 vos
1263 2841 1361 2907 auda·

61 2965 117 3010 ces
147 2944 305 3033 praelati3
336 2943 403 3025 sed
427 2943 606 3019 docuerunt
637 2966 766 3032 semper
799 2941 963 3031 populum,
997 2965 1040 3008 ne
1081 2940 1123 3008 de
1156 2953 1359 3012 sacramento

62 3049 210 3137 corporis
244 3058 278 3115 et
300 3049 467 3134 sanguinis
489 3048 612 3114 domini
644 3069 710 3113 non
740 3047 931 3131 discurrant,
966 3046 1142 3135 disputent,
1175 3069 1238 3114 nee
1260 3049 1360 3117 dime-

61 3154 204 3238 tiantur,
242 3152 301 3237 sed
323 3162 359 3219 ut
380 3152 584 3242 simplicibus
615 3150 697 3218 Jesu
719 3150 841 3218 Christi
863 3150 1105 3229 credant'Vos
1126 3174 1205 3219 vero
1228 3154 1263 3219 in
1285 3177 1360 3221 con·

62 3260 201 3325 trarium
223 3259 333 3324 omnia
361 3259 468 3345 agitis,
502 3266 535 3322 et
570 3257 755 3345 quicunque
786 3256 965 3323 secundum
1000 3256 1108 3343 legem
1129 3254 1196 3322 Dei
1229 3267 1262 3323 et
1289 3259 1358 3328 lec-

64 3363 190 3429 tionem
220 3361 344 3429 Christi
372 3361 509 3428 Domini
540 3383 575 3426 se
597 3359 740 3448 dirigere
761 3360 870 3445 vellet,
903 3369 936 3426 et
957 3360 992 3426 in
1024 3383 1122 3429 sensu
1152 3365 1294 3455 simplici
1326 3375 1360 3434 et

62 3465 178 3533 verbis
201 3464 325 3532 domini
348 3466 533 3549 subsistere,
555 3464 715 3530 huic-nee
737 3464 826 3552 loqui
848 3463 1030 3543 admittitis,
1050 3487 1112 3533 neo
1133 3467 1227 3536 illum
1244 3470 1358 3539 audire

63 3569 176 3651 vultis,
198 3591 261 3636 nec
280 3569 349 3636 fere
370 3569 479 3637 nullae
501 3569 680 3657 scripturae
701 3590 814 3634 sacrae
835 3568 943 3635 locum
966 3568 1044 3635 dare
1065 3571 1181 3659 vultis3
1204 3574 1358 3662 sedquae

61 3676 158 3743 vobis
196 3676 339 3742 finxistis
370 3684 402 3741 et
437 3683 546 3742 vestro
579 3675 747 3742 intellectu
776 3674 1000 3758 confirmastis,
1032 3677 1128 3741 etiam
1161 3678 1299 3765 velletis,
1321 3689 1358 3747 ut

63 3803 179 3848 omnes
202 3782 248 3847 ita
271 3780 415 3864 erodant,
438 3790 471 3845 et
491 3778 534 3846 ad
556 3780 613 3846 illa
634 3782 669 3847 vi
690 3789 724 3846 et
744 3780 900 3847 violentia
921 3780 1011 3844 omni
1033 3781 1198 3848 credenda
1220 3785 1357 3874 impelli·

62 3888 105 3952 tis
128 3893 162 3952 et
184 3886 320 3972 cogitis3
344 3886 497 3973 quivero
520 3885 571 3950 his
594 3886 778 3952 consentire
798 3882 909 3966 nollet,
931 3880 1023 3948 illum
1046 3884 1087 3950 de
1104 3888 1303 3955 consistorio
1326 3899 1359 3956 et
1452 3882 1455 3887 ’

63 4013 107 4058 ex
129 3998 307 4080 conspeetu
329 3997 438 4057 vestro
459 3988 550 4055 abire
568 3988 702 4078 jubetis,
724 3985 905 4055 actandem
926 3987 961 4052 in
984 3988 1107 4055 curiam
1122 3992 1259 4077 traditis,
1283 3995 1361 4061 licet

60 4091 98 4160 in
120 4096 333 4164 concionibus
356 4092 612 4178 vestrisdicatis,
635 4093 721 4182 quod
736 4092 838 4160 libere
860 4090 984 4177 absque
995 4095 1163 4162 coactione
1173 4097 1359 4185 procedant

61 4200 172 4268 Etiam
193 4201 257 4267 hoc
278 4200 434 4284 injustum
457 4207 489 4264 et
509 4198 626 4264 falsum
660 4206 728 4282 est;
765 4197 790 4262 si
814 4197 901 4262 enim
922 4195 996 4262 illos
1018 4220 1083 4263 non
1107 4203 1277 4288 cogeretis,
1301 4226 1360 4270 cur

62 4328 142 4394 ergo
165 4304 298 4394 quidam
320 4306 417 4370 etiam
438 4326 498 4392 per
518 4312 645 4394 tempus
667 4304 768 4370 medii
790 4302 867 4367 anni
880 4301 1017 4391 opificiis
1041 4303 1107 4370 suis
1120 4308 1308 4374 'necandis
1328 4316 1360 4374 et

60 4410 227 4477 elimentis
250 4407 444 4498 quaerendis
474 4407 699 4487 destituuntur,
729 4407 868 4495 aliisque
897 4408 1047 4474 omnibus
1079 4411 1126 4476 ita
1145 4413 1260 4479 minati
1282 4414 1360 4478 estis

60 4517 246 4604 pulsiouem
269 4512 441 4595 ecivitate,
464 4533 611 4578 carceres
624 4520 656 4578 et
667 4512 749 4578 alias
765 4511 968 4579 afflictiones.
990 4512 1035 4578 Et
1045 4512 1128 4581 hacc
1142 4517 1250 4580 omnia
1263 4537 1360 4603 prop-

60 4629 111 4689 ter
133 4630 167 4712 te
189 4618 344 4706 magister
367 4614 462 4683 Colle
485 4625 517 4682 et
538 4625 610 4684 tuos
633 4616 999 4706 clerieosfidelipopulo
1021 4619 1114 4688 fiunt.
1137 4619 1261 4686 sivero
1276 4619 1360 4685 haec

60 4750 127 4795 nou
139 4736 259 4803 essent,
281 4745 344 4792 nec
355 4730 510 4789 centenus
532 4722 614 4792 haec
627 4724 745 4810 iniret;
768 4745 842 4790 curn
854 4744 932 4792 vero
945 4748 967 4801 a
981 4723 1080 4792 uobis
1092 4732 1272 4809 cogamur,
1284 4723 1378 4783 suec
