2948 5040
1211 116 1214 123 1

1160 134 1163 141 a
1285 113 1345 203 lu

1289 216 1292 223 ι

69 308 239 404 sacratarii
258 307 446 388 cuntorum
465 306 628 397 regiorum
650 309 685 377 in
707 308 797 385 curia
817 304 974 397 Prsgcnsi
1002 305 1096 393 large¹
1119 302 1244 375 locutas
1274 262 1347 387 fuit,

62 417 129 504 aad
150 416 210 491 sub
231 413 327 499 nelo,
336 413 437 483 verbo
454 412 597 481 chorum
620 421 876 498 consecutorum,
899 409 986 501 quod
1007 409 1205 483 voluntatem
1227 418 1259 474 et
1275 408 1352 477 lite

62 546 119 593 ιιι
141 521 227 591 Suae
240 521 420 608 majestatis
435 519 569 617 Regiae
579 518 712 608 (capita
721 541 781 585 sua
799 516 1013 638 inclinantes)
1037 515 1214 604 adimplere
1236 515 1346 589 velim

62 629 188 713 Remea
206 646 285 693 vcro
307 645 409 711 usque
431 622 473 689 ad
494 612 579 691 hanc
600 623 838 691 moram-variis
854 620 1000 710 ejusdem
1018 621 1120 693 literis
1142 619 1249 692 locum
1276 621 1354 695 dare

63 731 185 817 npluit,
204 728 266 801 sed
281 751 351 803 non
372 727 475 795 solum
497 726 687 816 ampliasse
709 727 814 795 eidem
830 748 894 792 non
918 726 1076 811 submisit,
1098 746 1221 813 verum,
1243 736 1354 797 utueo

65 836 109 907 do
129 833 395 916 ecdsmsoiatur,
417 840 528 923 gratum
550 854 622 898 esse
639 831 775 918 noluit,
798 831 887 920 prius
915 832 1002 899 enim
1035 830 1200 911 hominum
1221 832 1354 902 arbetio

66 936 419 1025 innocentiumeidem
441 935 653 1025 complacuit,
675 936 835 1027 posterius
858 957 935 1029 vero
950 937 1055 1009 eidem
1078 937 1252 1025 displicuit,
1276 938 1351 1026 quia

68 1030 183 1110 omnia
198 1030 362 1130 tyrannidi
385 1043 454 1131 ejus
484 1036 763 1126 adversabantur3
798 1063 881 1128 quae
912 1041 1041 1107 tandem
1075 1039 1181 1109 eidem
1207 1043 1353 1112 omniaa

66 1170 147 1241 rege
166 1145 374 1229 Fordinundo
407 1147 443 1212 in
475 1144 665 1212 memoriam
692 1142 828 1213 reducta
859 1143 999 1230 buerunt,
1028 1144 1106 1211 dum
1137 1168 1210 1212 eum
1242 1145 1351 1234 Praga

52 1250 236 1351 relegavit,

615 1381 813 1458 cAPUTa
920 1410 923 1415 ·

65 1569 130 1637 Ubi
151 1565 328 1642 insinuatur,
341 1565 454 1668 quales
476 1564 579 1639 literas
601 1582 657 1623 rex
678 1562 851 1625 Ludovicus
873 1566 911 1625 ad
934 1524 1151 1642 consistorium,
1181 1576 1210 1626 et
1242 1567 1352 1627 alteras
1439 1614 1441 1619 .

66 1658 107 1718 ad
129 1654 263 1715 civitates
285 1653 384 1732 regias
407 1652 529 1728 miserit,
552 1670 652 1712 omnes
675 1653 854 1727 admonens,
867 1661 900 1713 ut
921 1651 1125 1713 sacerdotibus
1148 1653 1249 1715 stricte
1271 1653 1350 1712 inhi-

64 1746 166 1816 beant,
188 1749 223 1800 ut
243 1740 317 1799 tales
339 1739 494 1800 conciones
516 1741 713 1798 tumultuosas
735 1738 881 1814 omittant,
904 1740 957 1798 sed
979 1739 1077 1816 potius
1101 1740 1138 1800 ad
1172 1741 1345 1800 charitatem

331 1834 360 1886 et
382 1826 510 1901 quietem
534 1844 569 1886 ac
600 1825 785 1886 concordiam
807 1827 993 1886 admoneant.
1016 1826 1114 1889 1526.
1177 1852 1185 1875 ’-
1228 1837 1245 1855 ·’

87 2037 92 2043 ·
145 2011 223 2079 lllo·
237 2021 384 2101 tempore
406 2035 466 2081 rex
489 2014 585 2081 etiam
618 2013 751 2102 scripsit
780 2011 830 2080 his
853 2010 1012 2081 derebus
1047 2009 1157 2077 literas
1179 2010 1221 2076 sd
1248 2014 1356 2081 eonsi-

65 2118 212 2202 storium,
227 2117 285 2184 tali
306 2116 427 2184 forms:
941 2199 946 2207 Ι

265 2221 451 2290 Ludovicus
472 2223 540 2290 Dei
561 2223 666 2311 grstia
688 2231 747 2290 etc
847 2280 850 2285 ,

150 2325 319 2414 Religioni,
342 2327 481 2412 honesti,
511 2327 624 2394 fideles
653 2328 754 2396 nostri
787 2325 907 2394 dilecti.
949 2325 1104 2394 Notitiam
1137 2325 1353 2415 percepimus,

72 2426 310 2521 quodquidam
331 2433 465 2522 parochi
489 2432 530 2499 de
552 2432 646 2500 vobis
685 2441 718 2501 et
739 2433 924 2500 sacerdotes
946 2432 980 2499 in
1002 2432 1135 2499 civitate
1155 2439 1267 2498 nostra
1279 2431 1355 2497 Pra

67 2536 162 2624 gensi
183 2538 359 2604 conciones
381 2535 594 2605 tumultuosas
617 2546 652 2604 et
671 2537 888 2621 calumniosas
921 2545 1033 2604 contra
1061 2557 1217 2626 personas
1238 2536 1357 2604 multas

27 2695 30 2699 .
65 2661 109 2709 ox
143 2642 294 2709 omnibus
327 2640 432 2708 tribus
463 2642 598 2709 statibus
631 2643 820 2731 praedicent
867 2650 900 2709 et
930 2643 1169 2708 communitatis
1201 2642 1356 2732 populum

27 2750 31 2757 ’
65 2753 183 2815 eontra
204 2747 347 2813 invicem
380 2747 552 2831 concitent,
576 2756 610 2813 et
629 2749 720 2813 varie
754 2749 949 2837 vituperent,
982 2747 1077 2813 simul
1111 2749 1210 2813 etiam
1243 2756 1355 2813 contra

67 2849 180 2919 literas
214 2858 351 2934 nostras,
375 2873 456 2937 quas
488 2853 689 2940 praegressis
708 2851 918 2940 temporibus
950 2850 1095 2917 honestis
1133 2850 1353 2937 Prugensibus

66 2957 167 3023 scribi
188 2955 345 3023 mandare
367 2955 493 3043 dignati
512 2957 634 3022 fuimus
657 2957 698 3023 de
719 2957 776 3023 illo
798 2955 946 3039 tumultu,
969 2955 1072 3043 quiin
1095 2954 1174 3021 urbe
1195 2956 1354 3044 Pragcnsi
1409 2994 1411 2999 ,

63 3061 150 3129 iuter
172 3060 320 3127 subditos
351 3070 481 3129 nostros
516 3070 605 3127 ortus
634 3060 704 3144 fuit,
739 3070 771 3127 ot
806 3061 893 3150 quod
913 3059 1063 3128 voluntas
1097 3070 1206 3127 nostra
1236 3063 1288 3145 sit,
1322 3068 1385 3126 ut·

63 3185 177 3232 omues
199 3165 355 3231 tumultus
379 3175 411 3231 et
433 3164 902 3254 discordiae-comportatione
932 3164 1096 3232 amicabili
1125 3164 1179 3231 vel
1196 3166 1286 3253 justo
1303 3165 1357 3254 ju-

63 3270 151 3338 dicio
171 3268 272 3337 finem
294 3293 386 3336 suum
408 3271 587 3357 acquirant,
609 3269 755 3336 dicentes
779 3280 811 3336 et
823 3260 1059 3358 praedicantes,
1083 3270 1169 3360 quod
1190 3270 1253 3336 hae
1288 3270 1358 3337 lite·

64 3395 121 3443 rae
143 3375 276 3441 nomine
296 3383 407 3441 nostro
429 3376 520 3462 regio
553 3373 660 3440 editae
682 3397 749 3441 non
780 3374 909 3458 luerint,
940 3374 998 3440 sed
1030 3376 1100 3441 sine
1129 3384 1239 3441 nostro
1274 3376 1357 3442 scitu

61 3480 184 3548 missae
204 3478 334 3564 fuerint,
357 3478 443 3569 quod
465 3479 569 3546 menti
590 3489 720 3546 nostrae
741 3479 838 3546 valde
861 3480 1056 3545 contrarium
1079 3488 1148 3565 est;
1172 3479 1250 3545 dum
1271 3477 1353 3544 tales

62 3586 249 3662 conciones,
272 3606 316 3650 ex
337 3585 455 3673 quibus
476 3580 666 3671 inquietudo
690 3595 722 3650 et
744 3585 856 3651 odium
878 3587 1034 3669 oriuntur,
1063 3584 1243 3669 admittitis,
1271 3583 1359 3649 ideo·

62 3710 126 3778 que
147 3688 242 3755 vobis
277 3691 388 3756 stricto
410 3690 611 3773 mandamus,
647 3697 684 3754 ut
704 3690 808 3777 primo
830 3690 865 3754 in
887 3688 1098 3766 concionibus
1123 3690 1241 3755 vestris
1273 3709 1358 3754 com-

60 3794 252 3861 munitatem
273 3792 315 3859 ad
327 3793 517 3861 charitatem
533 3794 751 3876 christianam,
763 3779 1014 3860 concordiam'et
1025 3796 1165 3882 quietem
1184 3793 1358 3860 admonea-

60 3899 113 3982 tis,
151 3898 287 3987 aliisque
323 3898 474 3987 parochis
508 3909 539 3964 et
573 3897 796 3966 sacerdotibus
827 3897 907 3963 illud
928 3899 1094 3982 intimetis,
1117 3909 1160 3964 ut¹
1175 3898 1354 3964 secundum

60 4010 171 4069 nostra
182 4002 334 4069 mandata
356 4026 391 4069 sc
414 4014 537 4089 gerant,
549 4004 718 4070 mandetis.
740 4002 784 4067 Et
806 4003 916 4089 siquis
938 4004 1119 4070 incivitate
1152 4013 1263 4070 nostra
1282 4004 1359 4069 Pra-

59 4108 153 4194 gensi
169 4107 378 4189 inveniretur,
405 4110 461 4196 qui
483 4132 503 4175 a
522 4109 587 4175 fide
609 4109 787 4175 christiana
801 4110 976 4193 aberraret,
999 4108 1054 4175 ille
1076 4110 1119 4175 ad
1133 4131 1192 4176 vos
1205 4119 1237 4175 et
1259 4130 1351 4175 sena·

61 4212 271 4295 remoturus,
283 4220 317 4277 et
328 4213 356 4277 si
367 4212 429 4279 hoc
440 4212 481 4278 de
493 4212 549 4280 illo
561 4214 732 4302 probatum
755 4225 787 4280 et
810 4236 887 4281 vere
909 4214 1055 4303 agnitum
1077 4214 1183 4298 fuerit,
1197 4215 1253 4280 ille
1275 4236 1345 4280 cor·

62 4317 210 4404 rigatur-3
234 4317 263 4382 si
300 4324 409 4383 tamen
431 4321 662 4385 contumaciter
683 4321 718 4385 in
756 4341 813 4386 suo
836 4341 944 4384 erroro
966 4320 1143 4408 perstiterit
1165 4328 1198 4384 et
1231 4318 1351 4404 corrigi

61 4420 212 4504 noluerit,
235 4420 293 4487 tali
314 4420 426 4487 debito
449 4430 594 4510 tempore
616 4445 691 4489 suas
713 4445 766 4490 res
789 4421 968 4490 divendere
1001 4423 1206 4491 mandabitis.
1259 4421 1356 4504 Quod

60 4534 170 4595 autem
192 4524 304 4593 literas
340 4534 469 4591 nostras
502 4527 627 4612 attinet,
650 4549 731 4617 quas
753 4528 795 4593 de
816 4531 964 4618 personis
985 4528 1091 4617 Prsga
1114 4528 1265 4597 exulibus
1287 4548 1347 4615 pro

59 4653 149 4701 nunc
170 4631 301 4699 mittere
321 4629 546 4718 dignabamur,
568 4631 610 4698 de
631 4632 683 4699 his
699 4633 822 4717 scitote,
844 4633 918 4700 illas
931 4633 973 4700 de
989 4645 1085 4701 certa
1106 4643 1216 4701 nostra
1246 4633 1349 4698 scien·

58 4736 119 4822 flu
137 4725 535 4822 adsumsimus,
558 4758 633 4807 oum
654 4736 892 4829 subscriptione
914 4759 1032 4810 manus
1050 4750 1191 4807 nostras
1208 4735 1374 4822 pices-s
