2948 5040
1278 117 1407 244 209¹.

54 356 198 438 possent,
231 370 305 419 cum
327 347 419 414 multi
452 368 613 436 proceres,
644 351 768 437 equites
807 360 840 418 et
880 334 977 417 etiam
1006 350 1165 437 quaedam
1196 344 1357 417 civitates

55 462 96 521 a'c
119 452 250 520 tandem
271 452 384 520 ultimo
406 455 477 542 ipse
499 477 559 520 rex
570 453 756 549 ladovicus
781 465 812 521 et
838 457 952 544 regina
976 454 1171 522 conthoralis
1194 454 1351 544 ejusdem,

56 559 144 626 Suae
177 559 375 647 Majestates,
406 559 666 646 aPragensibus
695 561 879 648 petiverint,
907 570 944 629 ut
965 560 1133 645 dimittar,
1155 561 1211 648 qui
1240 568 1349 626 tamen

56 687 171 730 omnes
193 663 276 729 nihil
299 664 448 731 obtinere
468 674 658 755 potuerunt;
694 677 726 732 et
747 690 813 734 non
834 676 959 734 tantum
991 669 1073 736 haec
1094 675 1168 736 acta
1189 675 1272 751 sunt,
1296 664 1356 732 sed

56 769 123 834 imo
147 768 255 835 nullus
278 772 456 836 amicorum
479 781 511 836 11
532 771 662 839 illorum
684 781 823 839 statuum
845 775 887 839 ad
909 797 962 841 me
984 774 1103 843 dimitti
1122 777 1236 866 potuit.
1271 774 1356 842 Oon·

58 864 201 939 siderate
224 874 333 961 igitur,
359 877 484 941 incerta
505 875 587 941 haec
609 885 642 941 et
661 876 745 942 falsa
767 899 848 955 esse,
871 879 926 967 qui
947 879 1081 969 protulit
1096 889 1129 946 et
1150 880 1278 969 sparsit,
1301 902 1355 947 me

50 977 146 1063 ,11111
169 1001 212 1043 ex
234 979 419 1045 carceribus
450 981 540 1045 exire
578 987 690 1045 contra
722 980 923 1048 voluntatem
957 985 1169 1072 superiorum.
1197 985 1356 1051 ‘Demum

57 1084 255 1151 contrarium
277 1085 377 1173 priori
408 1083 493 1150 dixit
526 1083 679 1150 sacerdos
701 1084 854 1151 Nicolaus
886 1085 1030 1171 Hrubed,
1069 1089 1163 1155 aliter
1184 1070 1356 1175 Roawoda,

56 1189 149 1256 fratri
160 1213 234 1257 meo
250 1213 308 1278 pro
320 1182 356 1254 re
370 1197 467 1272 certa,
492 1187 550 1254 sed
572 1211 659 1256 vere·
672 1173 797 1267 incerta
822 1198 854 1255 11
875 1188 968 1273 falsa,
992 1213 1045 1263 me
1066 1191 1210 1259 voluisse
1233 1215 1276 1259 ex
1287 1214 1357 1259 car·

58 1295 188 1362 ceribus
212 1294 377 1382 aufugere.
422 1293 494 1380 Ego
516 1316 594 1360 vero
617 1293 796 1360 auxiliante
827 1293 900 1360 Deo
933 1294 1016 1378 dico,
1050 1295 1136 1383 quod
1158 1294 1200 1362 de'
1222 1296 1273 1363 his
1295 1317 1358 1362 nec
1462 1314 1466 1328 ·

57 1400 282 1487 cogitaverim,
307 1408 339 1464 et
349 1396 456 1462 adhuc
467 1397 539 1485 plus
555 1397 646 1463 dico:
668 1382 787 1465 simihi
799 1419 911 1464 omnes
926 1407 1040 1484 portae
1063 1401 1202 1466 carceris
1226 1407 1358 1488 apertae

55 1505 206 1582 fuissent,
229 1514 337 1570 tamen
361 1505 431 1569 sine
452 1503 619 1570 voluntate
642 1503 845 1591 superiorum
855 1525 922 1568 non
937 1502 1136 1585 exivissem3
1158 1503 1222 1569 hoc
1242 1511 1355 1570 notum

56 1617 107 1675 est
129 1608 205 1692 ¹illis,
229 1610 285 1699 qui
308 1632 360 1674 me
384 1592 616 1676 custodierunt.
660 1607 734 1674 Hoc
756 1609 843 1672 enim
865 1606 944 1674 mihi
964 1595 1056 1673 Deus
1069 1609 1274 1697 omnipotens
1284 1602 1357 1674 'con-

55 1714 166 1795 cessit,
200 1714 287 1799 quod
321 1735 469 1780 carceres
503 1712 562 1777 hos
594 1713 723 1799 magnis
757 1712 884 1796 animis,
902 1711 1091 1778 ¹dulcedine
1122 1720 1154 1778 et
1176 1712 1358 1778 constantia
1393 1753 1396 1761 -

54 1828 173 1906 passus
195 1817 322 1901 fuerim,
346 1820 417 1885 sine
440 1820 528 1883 omni
547 1818 678 1882 tristitia
701 1826 733 1883 et
753 1818 922 1904 angustia;
944 1840 1020 1883 nam
1043 1817 1121 1884 dum
1141 1818 1356 1882 incarceratis
1403 1835 1406 1843 ·

55 1932 112 1988 aut
135 1923 308 2009 captivitas
330 1923 595 2011 prolongabatur,
618 1922 716 1988 etiam
738 1922 862 1989 laetitia
884 1924 919 1989 in
944 1923 1014 1988 Deo
1037 1930 1071 1989 et
1093 1921 1248 1989 exultatio
1259 1943 1357 2008 auge·

54 2026 162 2106 batur,
192 2035 225 2090 et
248 2029 274 2092 si
305 2027 361 2092 illa
384 2028 555 2116 captivitas
578 2049 652 2092 mea
677 2027 825 2093 durasset
847 2026 955 2093 adhuc
982 2026 1106 2116 aliquot
1126 2048 1238 2110 annos,
1262 2047 1378 2114 spero.

55 2144 90 2198 et
113 2133 244 2220 speravi
265 2133 300 2196 in
322 2133 430 2198 Deum
452 2141 485 2198 et
507 2134 577 2221 ejus
601 2132 749 2218 gratiam,
782 2131 869 2222 quod
890 2132 1058 2219 angustias
1081 2140 1113 2198 et
1134 2152 1298 2223 moerores
1319 2130 1356 2194 in

56 2259 112 2303 me
133 2259 198 2302 111
217 2236 435 2321 admisisset,
470 2236 546 2303 dum
578 2236 735 2325 patiebar.
749 2259 809 2326 pro
841 2237 981 2305 veritate
1003 2244 1036 2302 et
1065 2235 1197 2304 nomine
1218 2231 1354 2301 Domini

58 2341 164 2406 nostri
182 2340 264 2407 Jesu
288 2340 419 2408 Christi.
837 2358 840 2363 '

144 2445 318 2513 Praeterea
337 2448 501 2535 interrogo
524 2447 607 2531 illos,
639 2448 694 2534 qui
728 2469 855 2514 mecum
885 2446 985 2514 locuti
1007 2433 1102 2531 sunt,
1131 2445 1357 2513 audiverintne

57 2570 79 2614 a
100 2570 152 2625 me
185 2552 316 2616 unicum
343 2550 497 2637 verbum,
528 2551 615 2639 quod
636 2551 811 2640 aliquando
842 2552 1037 2640 conquestus
1066 2549 1208 2618 fuerim?
1228 2550 1358 2633 Precor,

56 2653 212 2720 sacerdos
234 2655 447 2745 Hieronymo,
479 2658 609 2744 suscipe
630 2658 772 2743 gratiose
794 2665 826 2722 et
848 2656 981 2745 perlege
1003 2658 1164 2745 patienter
1186 2655 1245 2721 has
1267 2674 1358 2718 meas
1435 2643 1438 2649 ’

54 2756 179 2842 literas,
203 2782 276 2825 curn
299 2762 455 2850 petiveris
478 2784 565 2827 ame
593 2760 654 2826 tibi
668 2782 862 2849 responsum
885 2761 965 2844 dari,
988 2768 1022 2826 et
1043 2781 1255 2848 quaecunque
1277 2755 1359 2824 mibi

53 2861 144 2927 bona
164 2862 267 2941 faves,
292 2888 351 2952 ego
374 2866 434 2932 tibi
455 2866 556 2932 multo
579 2865 652 2953 plus
675 2864 780 2936 faveo.
827 2863 996 2933 Ooncedat
1006 2863 1111 2932 Vobis
1133 2863 1226 2928 Deus
1248 2863 1354 2929 omni-

52 2975 169 3053 potens
183 2968 344 3047 omnibus,
368 2981 403 3036 ut
414 2971 481 3039 Vos
494 2995 691 3062 cognoscere
713 2975 854 3061 possitis.
879 2972 993 3042 Gratia
1006 2972 1073 3037 Dei
1096 2979 1128 3037 et
1137 2971 1160 3038 J
1162 2993 1219 3037 esu
1234 2970 1359 3038 Christi

54 3069 180 3136 Tecum
210 3084 410 3160 permaneat.
454 3078 578 3146 Datum
608 3080 662 3147 die
685 3078 824 3146 Veneris
847 3085 923 3145 ante
956 3075 1044 3142 diem
1074 3075 1186 3143 Sancti
1207 3075 1357 3172 ¹Martini,

56 3172 102 3261 (9.
125 3174 224 3264 Nov.)
246 3200 331 3245 anno
355 3170 490 3250 11126.
988 3250 992 3254 .
1015 3204 1018 3211 ·

146 3281 293 3348 Tandem
316 3289 466 3371 quamvis
489 3288 539 3354 his
562 3289 763 3379 temporibus
775 3291 959 3377 Pragenses
981 3286 1023 3353 ab
1046 3285 1203 3352 effusione
1226 3285 1358 3372 sangui·

57 3387 110 3450 nis
133 3397 267 3474 propter
289 3390 471 3478 spirituales
494 3416 547 3458 res
570 3393 796 3479 abstinuerint,
830 3401 926 3483 prout
959 3414 995 3458 se
1025 3391 1059 3457 in
1081 3388 1133 3455 1111
1149 3391 1359 3478 jactaverunt

56 3491 91 3553 in
113 3493 274 3580 principio
297 3494 464 3563 literarum
488 3521 628 3584 suarum,
662 3523 743 3588 quas
764 3522 825 3588 per
847 3506 949 3565 totum
978 3517 1116 3582 regnum
1150 3502 1182 3559 11
1215 3492 1295 3561 alibi
1317 3492 1358 3560 de
1466 3543 1469 3548 -

57 3592 109 3659 his
133 3599 270 3684 captivis
293 3599 537 3686 distribuerunt,
571 3612 714 3671 attamen
743 3605 807 3672 hoc
837 3612 870 3670 et
899 3599 1109 3690 sequentibus
1131 3598 1227 3664 annis
1249 3599 1359 3664 omnia

57 3712 360 3789 compensaverunt,
384 3729 468 3792 quae
490 3709 580 3795 prius
602 3709 827 3797 neglexerant,
859 3707 917 3773 fini
947 3704 1149 3787 1111111111,
1172 3725 1269 3791 quem
1291 3703 1357 3770 illis

56 3803 149 3868 Deus
171 3807 331 3892 praefixit,
354 3811 585 3878 accelerantes.
610 3814 684 3896 Qua
705 3815 885 3880 intentione
908 3818 1015 3877 autem
1038 3807 1073 3875 id
1093 3807 1228 3894 egerint,
1253 3808 1357 3874 scien·

56 3915 116 3991 tes,
140 3911 192 3975 cui
215 3934 275 3977 rex
296 3912 421 3980 futurus
443 3918 600 4004 proclivis
623 3920 674 4004 sit,
697 3919 732 3985 id
749 3918 835 3984 infra
844 3915 1028 3984 invenietur
1051 3934 1122 4000 cap.
1148 3912 1201 3978 20.
1224 3911 1268 3978 111
1279 3912 1357 3980 dum

56 4021 185 4101 tempus
208 4015 364 4084 Pascbale
387 4019 448 4086 hoc
471 4045 556 4089 anno
578 4025 774 4106 immineret,
804 4021 990 4089 sacerdotes
1011 4019 1047 4084 in
1068 4015 1233 4105 parochiis
1255 4017 1357 4084 homi·

55 4139 115 4182 nos
139 4120 300 4205 cogebant
314 4123 356 4188 ad
370 4126 606 4194 confessionem
619 4128 851 4218 peragendam,
876 4125 993 4215 quibus
1016 4125 1146 4188 interea
1168 4145 1203 4188 se
1225 4123 1359 4211 quidam

54 4222 407 4313 NicolausWietenai,
432 4240 464 4296 et
487 4231 584 4298 Clara
606 4234 715 4320 vidua,
740 4232 887 4323 ejusdem
911 4249 1089 4298 oeconoma
1113 4222 1303 4314 domestica,
1324 4230 1359 4295 in

54 4328 219 4395 territorio
244 4331 277 4398 S.
301 4332 460 4421 Stephani
483 4338 616 4426 ru'ajoris
651 4345 882 4427 opposuerunt,
914 4334 1064 4402 nolentes
1094 4330 1177 4398 haec
1199 4354 1358 4422 peragere

58 4453 102 4496 ex
126 4454 224 4498 causa
241 4437 342 4522 justa,
365 4448 461 4525 prout
483 4439 631 4507 homines
654 4442 762 4508 Deum
785 4445 936 4508 timentes
958 4438 1064 4522 decet,
1095 4459 1176 4525 quos
1198 4438 1359 4526 parochus

58 4535 157 4624 hujus
180 4541 343 4623 territorii,
367 4546 498 4609 nomine
521 4546 676 4612 sacerdos
698 4547 866 4614 Johannes
892 4545 1003 4634 (quem
1027 4549 1142 4631 postea
1157 4541 1360 4610 Colinienses

56 4641 148 4708 cives
170 4653 303 4732 propter
326 4648 397 4735 ejus
412 4652 656 4736 protervitatem
679 4652 887 4741 expulerunt)
910 4647 1078 4716 accusavit
1099 4648 1134 4713 in
1157 4649 1360 4716 consistorio.

55 4747 103 4816 Hi
126 4770 205 4819 vero
228 4750 315 4839 apud
337 4752 531 4844 Pragenses‚
556 4757 644 4848 quod
667 4757 819 4830 homines
839 4757 1009 4829 haeretici
1026 4755 1110 4832 s'mt,
1128 4750 1188 4814 'ua
1208 4749 1390 4836 epeu'uxc
1462 4818 1465 4823 ,

869 4866 872 4871 ’
1142 4859 1201 4927 hh
