2948 5040
135 140 201 212 ata

134 310 228 396 latur,
251 321 284 378 et
303 321 340 379 ut
359 312 449 380 illam
471 313 710 401 suspectionem
732 314 781 402 (in
803 336 870 401 qua
891 312 944 381 bis
965 315 1168 404 temporibus
1189 325 1210 381 a'
1230 314 1347 383 multis
1371 313 1426 380 vel

133 417 279 483 maxime
299 417 582 502 detentifuerunt,
603 428 723 506 nempe
744 416 821 485 dum
851 440 913 507 pro
934 419 1121 486 Piclrbartis
1142 418 1246 487 babiti
1268 417 1362 506 sunt)
1385 415 1426 483 ab

134 521 288 603 omnibns
309 525 457 590 auferant
478 532 513 590 et
532 522 574 589 ad
596 523 784 591 ulteriorem
795 525 962 591 actionem
980 522 1161 591 faciliorem
1182 534 1215 590 et
1236 522 1429 589 liberiorem

133 644 304 694 &cessum
315 626 478 711 babeant,
500 627 689 695 obtulerunt
711 651 759 713 se,
781 628 869 717 quod
890 630 996 696 uelint
1024 629 1068 695 ad
1088 630 1198 696 omnia
1218 629 1354 718 agenda
1375 628 1429 695 hic

136 742 171 801 et
189 734 278 801 alibi·
291 743 490 824 comparere)
513 736 755 802 consentientes
777 735 819 800 ud
842 734 924 800 haec
945 756 989 801 ex
999 733 1212 803 iniunctione
1233 747 1268 804 et
1288 736 1430 804 consilio

135 841 315 907 amicorum
338 862 489 908 snorum·
522 838 670 905 'l'andem
691 838 760 905 illis
782 841 949 904 nominata
977 838 1039 904 fuit
1061 838 1151 924 dies,
1188 862 1252 931 qua
1271 843 1309 907 in
1332 842 1429 908 colle·

136 946 192 1031 gio
215 966 334 1033 magno
356 942 720 1035 comparere'debeant,
760 951 793 1009 et
813 952 988 1032 postquam
1008 942 1133 1009 ibidem
1155 948 1429 1033 comparuissent,

137 1049 348 1136 singulariter
368 1072 453 1117 unns
473 1057 549 1138 post
570 1048 709 1115 alterum
732 1047 897 1114 admissus
918 1047 989 1131 fuit,
1014 1056 1047 1114 et
1057 1049 1265 1136 quaestiones
1277 1049 1347 1116 illis
1360 1070 1429 1138 pro

136 1156 268 1242 positae
285 1154 416 1221 fuerunt
437 1177 482 1221 ex
502 1153 677 1221 duodecim
697 1152 775 1219 fidei
797 1153 996 1220 christianae
1027 1155 1184 1238 articulis,
1228 1155 1368 1222 tandem
1391 1156 1429 1221 de

136 1264 344 1326 sacramento
363 1260 509 1348 corporis
531 1268 564 1325 et
586 1257 766 1345 sanguinis,
799 1256 964 1346 quomodo
986 1257 1028 1322 de
1050 1257 1102 1322 liis
1123 1259 1272 1342 credant,
1295 1262 1429 1328 tandem

136 1365 178 1432 de
200 1364 396 1455 quibusdam
417 1362 491 1430 aliis
514 1364 648 1455 minoris
670 1363 906 1431 aestimationis
937 1364 1038 1432 rebus
1071 1366 1264 1451 interrogati
1296 1366 1429 1435 fuerunt

135 1472 207 1537 sine
229 1472 318 1537 omni
339 1467 575 1536 contumeliosa
595 1474 629 1534 et
649 1467 718 1534 leri
738 1467 820 1534 alias
852 1470 972 1535 usitata
1000 1469 1203 1537 correctione
1226 1478 1261 1536 et
1281 1470 1360 1538 aliis
1381 1494 1429 1538 re·

136 1575 199 1669 bus
220 1574 298 1641 addi
320 1574 435 1641 solitis.
478 1571 532 1639 Illi
553 1594 631 1640 vero
653 1571 696 1638 ad
718 1575 827 1639 omnia
849 1572 960 1640 debite
984 1574 1233 1663 responderunt,
1263 1576 1338 1641 sine
1360 1578 1428 1643 veri

134 1678 338 1747 fundamenti
360 1700 516 1763 excessua
539 1698 624 1767 quae
646 1699 806 1766 responsa
825 1677 956 1745 illorum
977 1701 1040 1746 nec
1062 1678 1347 1763 administratores
1369 1704 1429 1748 nec

136 1784 193 1850 alii
216 1783 402 1851 sacerdotes
424 1782 468 1849 ad
493 1783 576 1849 baec
597 1785 707 1850 vocati
723 1784 814 1871 juste
830 1785 1025 1872 vituperare,
1048 1805 1110 1850 nec
1132 1798 1191 1871 pro
1215 1803 1330 1851 errore
1354 1809 1428 1875 quo·

136 1889 213 1956 dam
233 1891 405 1959 aestimare
426 1897 611 1978 potuerunt,
647 1887 712 1979 sed
729 1891 838 1954 omnia
870 1888 1046 1976 tranquille
1068 1889 1110 1956 ab
1134 1893 1181 1956 eis
1204 1890 1427 1977 susceperunt.

135 1992 221 2061 Nota
242 1994 417 2082 diligenter
439 1992 536 2076 dicta,
560 2013 644 2080 quae
665 1991 848 2078 Pragen'ses
871 1992 1023 2058 exulibus
1034 2005 1274 2082 proposuerunt
1294 1998 1335 2063 in
1358 2018 1427 2062 cau·

137 2099 194 2182 sis,
231 2120 332 2186 quare
354 2099 488 2165 exulare
511 2106 543 2164 et
565 2120 609 2162 ex
629 2096 763 2162 civitate
785 2094 903 2162 abesse
925 2096 1106 2164 debuerint.
1150 2098 1290 2181 Quando
1314 2099 1428 2190 plebe·

131 2202 189 2301 jus
211 2201 308 2269 homo
333 2201 464 2271 humilis
486 2209 621 2267 naturae
642 2199 767 2288 aliquid
788 2199 928 2266 subinde
948 2202 1030 2266 risui
1053 2203 1158 2269 simile
1179 2205 1318 2290 profert,
1344 2204 1427 2294 quod

137 2306 219 2372 nulli
241 2308 291 2372 rei
312 2307 527 2373 aestimatiori
548 2304 709 2393 applicari
731 2311 848 2393 potest,
891 2304 928 2370 id
950 2305 1088 2394 populus
1111 2318 1184 2374 'non
1213 2309 1260 2375 ita
1282 2311 1429 2397 graviter

134 2409 208 2492 fert,
233 2409 347 2477 sedin
366 2412 477 2499 jocum
501 2411 679 2495 convertit3
702 2410 831 2475 sivero
854 2409 959 2475 simile
980 2410 1106 2499 aliquid
1127 2414 1313 2481 committat
1335 2416 1428 2484 bomo

134 2512 280 2602 prudens
302 2524 335 2580 et
357 2515 497 2603 sapiens,
541 2514 734 2601 praesertim
767 2515 802 2579 in
833 2513 907 2579 loco
941 2517 1163 2601 aestimatiori,
1191 2519 1264 2606 jam
1287 2521 1423 2611 populus

134 2618 240 2702 magis
263 2616 497 2701 considerabit,
518 2616 712 2684 admirando
735 2617 904 2684 levitatem
925 2619 1015 2707 ejus;
1039 2620 1179 2709 ideoque
1203 2622 1306 2689 etiam
1331 2622 1420 2691 adni-

119 2719 274 2788 ·randum
296 2729 356 2806 est,
379 2720 466 2810 quod
488 2720 567 2787 talia
589 2721 677 2787 dicta
698 2721 824 2787 eisdem
844 2725 1083 2812 proposuerint,
1120 2734 1153 2791 et
1175 2748 1295 2795 causas
1320 2725 1427 2798 delicti

134 2826 201 2893 illis
221 2829 328 2916 primo
349 2835 425 2916 post
446 2820 605 2915 grandem
626 2848 765 2914 poenam
780 2827 1039 2915 insinuaverint3
1061 2829 1118 2896 ubi
1140 2841 1251 2900 tamen
1275 2834 1341 2903 illo
1353 2845 1427 2902 tem·

134 2952 225 3018 pore,
247 2930 377 3019 quando
400 2930 534 2997 exulare
550 2932 638 3019 jussi
661 2932 805 3014 fuerunt,
826 2933 1022 3019 petiverunt,
1038 2956 1099 3021 per
1119 2934 1228 3006 Deum
1251 2939 1415 3008 obsecran

132 3045 194 3122 tes,
216 3047 252 3102 nt
274 3038 322 3103 eis
344 3045 515 3104 accusator
536 3044 570 3104 et
591 3038 683 3103 testis
707 3036 912 3122 exhibeatur,
935 3040 1021 3128 quod
1044 3041 1193 3110 lubentes
1217 3046 1360 3115 cuilibet
1380 3071 1426 3115 re·

133 3142 296 3230 spondere
318 3149 351 3207 et
372 3162 408 3206 se
429 3139 606 3207 defendere
628 3140 740 3226 velint,
764 3141 852 3230 quod
873 3151 984 3209 tamen
996 3144 1145 3214 obtinere
1158 3171 1225 3221 non
1239 3160 1424 3238 potnerunt,

137 3244 197 3310 sed
217 3244 418 3334 respondere
439 3243 505 3310 illis
528 3242 686 3328 solebant,
730 3245 818 3334 quod
852 3245 934 3314 baec
967 3258 1000 3316 et
1022 3250 1088 3318 alia
1109 3253 1230 3340 optime
1258 3255 1328 3323 illis
1350 3265 1422 3325 notu

133 3349 209 3433 sint,
232 3358 367 3437 etopus
388 3370 454 3416 non
477 3371 551 3416 esse
572 3349 719 3416 ulteriori
740 3348 987 3439 disceptatione,
1011 3353 1070 3420 sed
1091 3364 1128 3423 ut
1137 3358 1185 3424 ita
1195 3369 1310 3447 agant,
1334 3370 1425 3451 prout

133 3453 200 3519 illis
222 3453 403 3520 mandatur.
431 3452 516 3520 *amo
539 3475 602 3541 ego
625 3452 686 3521 snb
709 3453 779 3522 sole
809 3454 874 3521 tale
891 3457 948 3544 jus
984 3467 1016 3524 et
1033 3459 1195 3545 judicium
1216 3465 1350 3552 ignoro,
1371 3466 1423 3533 ubi

132 3566 209 3646 post
231 3557 384 3625 toleratas
415 3561 520 3646 primo
558 3581 679 3645 graves
708 3580 841 3647 poenas,
886 3561 958 3628 sine
980 3562 1092 3630 debito
1123 3575 1156 3632 et
1172 3567 1264 3655 justo
1299 3571 1421 3660 judicio

133 3669 167 3726 et
188 3661 364 3746 auditione,
387 3685 506 3729 causae
528 3671 562 3729 et
582 3662 699 3751 culpae
720 3663 880 3730 insinuari
893 3674 926 3730 et
939 3664 1115 3755 dijudicari
1137 3669 1309 3760 deberent,
1335 3676 1421 3765 quasi

132 3787 187 3831 res
212 3767 285 3855 jam
321 3774 397 3832 ante
426 3788 566 3855 poenam
597 3766 779 3857 dijudicata
810 3765 934 3834 diisset
979 3769 1052 3837 Hae
1087 3795 1167 3840 vero
1200 3797 1318 3845 ornnes
1353 3802 1419 3848 cau·

134 3890 192 3936 sae
214 3869 391 3959 quemlibet
413 3872 670 3939 cancerationis
692 3872 859 3938 bominem
889 3872 932 3939 ad
953 3897 1067 3942 verum
1097 3878 1199 3944 risum
1231 3903 1419 3969 permovere

132 3983 285 4063 possunt3
331 3998 408 4043 nam
444 3977 551 4064 magis
584 3976 690 4061 fictae,
735 4000 832 4067 quarn
861 4000 961 4045 verae
986 3980 1127 4047 fuerunt.
1169 3983 1373 4075 Exemplum
1392 3995 1420 4055 ct

134 4090 362 4166 argumentum
407 4080 523 4149 saltem
567 4104 668 4149 unum
711 4084 860 4151 referam.
890 4084 1005 4166 ,Quid
1049 4089 1138 4153 enirn
1181 4088 1418 4179 proposuerunt

133 4185 276 4275 Georgia
298 4211 319 4254 a
339 4188 449 4255 media
470 4196 542 4256 rota
562 4197 697 4278 propter
711 4191 954 4282 uxoremejus?
976 4192 1110 4261 devenit
1134 4194 1234 4279 igitur
1255 4197 1301 4263 ad
1323 4199 1416 4266 baec:
1462 4250 1464 4255 .

132 4291 221 4381 quod
241 4312 326 4359 uxor
346 4297 544 4382 peccaverit,
567 4295 749 4361 secundum
769 4296 901 4363 illorum
929 4296 1091 4386 judicium
1099 4330 1117 4381 ‚·
1143 4297 1214 4363 sine
1249 4300 1319 4368 ulla
1350 4325 1416 4370 con·

131 4394 346 4464 damnatione
372 4406 406 4463 at
424 4399 562 4465 maritus
583 4420 731 4487 poenam'
746 4402 906 4467 sustinere
940 4401 1054 4468 debuit
1074 4423 1115 4468 ac
1135 4424 1221 4469 uxor
1243 4407 1416 4493 permansit

130 4499 167 4566 in
189 4499 356 4568 domicilio
388 4524 456 4586 suo,
502 4512 535 4568 et
555 4505 764 4592 possessione
785 4504 946 4572 bonorum
971 4508 1043 4573 sine
1065 4509 1155 4573 omni
1175 4509 1415 4599 impedimento,
1461 4578 1464 4621 Ι

132 4611 166 4669 et
187 4604 323 4671 maritus
346 4605 496 4672 omnibus
528 4606 655 4694 Pragae
676 4606 773 4676 bonis
799 4609 923 4677 relictis
951 4620 1045 4678 extra
1067 4613 1235 4679 civitatem
1264 4638 1415 4707 perque
1461 4678 1464 4703 ,

125 4715 204 4775 tuor
235 4730 344 4778 annos
376 4708 513 4780 exulare
544 4709 670 4798 debuit,
713 4712 770 4782 ubi
802 4720 912 4784 tamar
943 4738 1007 4785 nec
1030 4725 1128 4807 pater
1163 4739 1225 4808 pro
1255 4721 1337 4805 filio,
1363 4742 1416 4791 nse
1458 4714 1464 4891 p
