2948 5040
1263 140 1329 211 abo

36 322 138 414 retur,
170 336 248 395 tunc
269 326 327 394 alii
349 344 385 390 se
406 321 457 389 bis
479 329 678 410 opponentes
700 322 746 387 ita
767 320 866 387 locuti
889 312 980 386 sunt:
1001 338 1076 385 cum
1098 314 1221 383 domini
1242 315 1326 383 Neo·

35 435 197 503 urbenses
219 433 255 498 in
276 426 492 498 hoo-foedere
512 424 821 515 persistere-nolint,
847 420 1039 512 etamplius
1061 442 1128 487 non
1139 421 1324 510 persistant,

39 563 77 607 se
99 537 284 624 intelligere
304 555 370 601 non
391 554 498 621 posse,
536 529 696 618 quomodo
732 528 817 595 inter
851 528 925 595 illos
954 525 1040 594 solos
1069 533 1222 593 constans
1259 545 1331 591 esse

39 651 163 734 posset.
205 641 290 706 Nam
311 659 372 727 per
383 637 533 702 nuntium
544 636 742 724 scripserunt
763 632 806 705 ad
826 633 917 700 urbis
938 633 1103 722 Antiquae
1124 630 1332 701 communita

41 760 121 825 tem,
151 744 382 811 renunciantes
410 738 487 806 huic
507 739 633 805 foederi
655 748 687 804 et
709 760 746 805 se
767 737 990 824 excludentes,
1013 760 1087 806 cum
1110 741 1198 806 enim
1219 737 1334 803 civitas

43 875 65 918 a
86 870 167 937 rege
186 850 304 923 iterum
326 844 431 912 divisa
458 843 565 927 fuerit,
589 843 675 932 quod
697 843 746 911 illi
766 844 802 910 in
824 863 883 910 sua
905 843 1036 911 civitate
1065 841 1161 911 liberi
1183 863 1255 909 esse
1275 858 1335 907 ve·

43 956 116 1039 lint,
148 961 182 1018 et
209 972 292 1040 quae
324 948 516 1036 agnoverint
537 968 609 1015 esse
629 950 824 1034 necessaria,
846 948 933 1038 quod
952 949 1039 1015 inter
1059 969 1096 1014 se
1117 948 1232 1015 omnia‘
1251 943 1336 1011 bene

45 1060 232 1147 disponent.
266 1054 413 1142 'Propter
445 1053 533 1119 hunc
566 1075 643 1140 ergo
672 1054 842 1123 articulum
870 1075 935 1122 non
970 1054 1109 1141 exiguae
1131 1049 1337 1120 difficultates

45 1171 156 1231 motae
178 1167 264 1238 sunt,
287 1180 360 1225 cum
383 1159 558 1225 convenire
578 1160 614 1225 in
635 1157 692 1227 illo
713 1181 780 1227 non
800 1160 987 1249 potuerint'
1016 1155 1142 1224 Passek
1162 1179 1241 1224 vero
1263 1176 1337 1221 cum

47 1294 108 1339 sua
128 1268 224 1335 turba
253 1289 296 1333 ex
329 1264 418 1332 nulla
440 1267 505 1333 a'lia
541 1288 639 1333 causa
662 1267 745 1334 baec
766 1265 971 1345 defendebat,
1007 1261 1072 1329 nisi
1091 1269 1129 1327 ut
1149 1260 1255 1329 adhuc
1275 1264 1337 1330 ali-

48 1396 148 1466 quam
176 1371 415 1439 communitatis
447 1382 573 1460 partem
606 1373 642 1438 in
664 1373 726 1439 hoc
747 1372 879 1439 foedere
910 1392 970 1460 pro
1003 1374 1096 1457 parte
1118 1387 1177 1432 sua
1197 1368 1337 1434 retinere

47 1479 164 1568 possit,
186 1474 304 1564 quibus
324 1474 563 1565 adjuvantibus,
587 1498 660 1543 cum
682 1475 833 1543 exulibus
854 1475 896 1542 de
917 1472 1008 1542 nulla
1033 1472 1251 1541 transactione
1260 1496 1339 1562 aga·

48 1596 118 1668 tur;
140 1589 178 1647 ut
199 1581 297 1646 etiam
317 1579 395 1645 illae
418 1588 554 1668 quatuor
586 1601 745 1669 personae
765 1581 801 1651 in
821 1579 1053 1647 'communitate
1071 1596 1138 1642 non
1160 1578 1341 1663 audiantur,

49 1687 114 1754 hoe
135 1705 261 1752 summe
281 1683 497 1752 desiderabat

141 1788 289 1856 Tandem
323 1790 440 1876 petivit
471 1788 596 1856 Passek
625 1812 647 1856 a
668 1796 792 1874 senata,
814 1797 851 1857 ut
871 1810 945 1856 cum
966 1787 1106 1854 dominis
1127 1786 1344 1854 Neourbensi·

52 1896 119 1969 bus
138 1902 247 1981 agant,
268 1902 305 1958 ut
325 1894 397 1959 sine
419 1916 509 1960 mora
521 1892 666 1981 ‘utraque
681 1895 897 1962 communitas
919 1891 1016 1959 simul
1026 1893 1062 1957 in
1077 1889 1214 1979 collegio
1224 1912 1343 1978 magno

54 1998 263 2081 conveniant,
283 1996 443 2089 quaedam
455 2019 583 2087 semper
594 2000 825 2089 impedimenta
845 2001 1052 2086 interponere
1063 1995 1195 2080 volens3
1219 1997 1344 2061 sienim

55 2107 122 2171 hoc
150 2102 271 2168 factum
305 2100 429 2187 fuisset,
462 2102 636 2170 difficulter
673 2107 708 2172 in
741 2105 848 2194 quiete
880 2103 922 2170 ab
948 2103 1090 2170 invicem
1126 2099 1347 2168 recessissent.

60 2207 149 2290 Quia
169 2228 248 2273 vero
271 2228 345 2273 curn
367 2227 426 2272 sua
448 2200 544 2276 turba
567 2208 616 2297 (in
638 2232 703 2298 qus
718 2211 817 2298 juxta
837 2198 1098 2277 informationem
1117 2202 1350 2274 aliorumultra

63 2324 193 2379 centum
212 2333 373 2400 personae
392 2333 460 2378 non
482 2312 625 2403 fuerunt)
648 2317 754 2382 victus
776 2314 847 2400 fuit,
870 2314 911 2383 ob
946 2335 1077 2383 causam
1099 2310 1130 2375 ei
1151 2306 1352 2378 demonstra·

64 2402 143 2500 tam,
173 2404 260 2505 quod
282 2415 364 2482 haec
394 2415 466 2483 fieri
487 2439 553 2484 non
575 2420 721 2506 possint;
756 2442 829 2486 oum
851 2419 909 2486 illa
938 2428 1051 2487 contra
1071 2399 1298 2482 inhibitionem
1320 2427 1352 2483 et

65 2519 260 2588 voluntatem
281 2510 406 2608 regiam
427 2519 542 2588 fierent
574 2530 607 2587 et
627 2522 710 2589 forte
731 2546 791 2612 per
812 2524 874 2590 hoc
884 2523 1141 2611 indignationem
1162 2523 1194 2581 et
1215 2542 1353 2608 poenam

62 2625 226 2712 quandam
246 2625 412 2697 incurrere
443 2634 586 2714 possent.
631 2627 717 2694 Dum
738 2629 839 2714 igitur
858 2616 974 2725 neque*
986 2628 1049 2696 hoc
1069 2624 1118 2695 illi
1138 2620 1264 2693 Passeli
1284 2650 1354 2694 suc·

62 2731 229 2812 cessisset,
251 2728 294 2794 ad
310 2728 407 2795 aliam
433 2729 646 2797 intentionem
669 2754 704 2797 se
727 2733 895 2817 convertit,
918 2732 1096 2799 admonens
1119 2726 1203 2815 illos,
1224 2739 1260 2798 ut
1281 2752 1355 2798 cum

61 2830 333 2903 Neourhcnsibus
377 2841 505 2919 agatur,
539 2854 602 2922 quo
635 2835 742 2902 medio
776 2834 875 2902 urbes
906 2834 1092 2924 Pragenses
1122 2835 1238 2902 iterum
1269 2835 1356 2900 uniri

62 2944 209 3028 possent,
245 2956 430 3024 proponens
471 2945 504 3002 et
536 2936 675 3003 suadens
696 2961 755 3027 pro
776 2938 863 3005 bono
887 2938 1053 3006 civitatum
1075 2937 1118 3006 ob
1140 2938 1226 3004 mala
1248 2937 1356 3005 futura

63 3040 201 3110 vitanda
220 3040 256 3107 id
278 3042 505 3106 necessarium·
520 3062 603 3124 esse,
625 3021 867 3130 addenssquod
888 3050 1013 3109 tantum
1036 3040 1194 3131 quaedam
1216 3043 1251 3108 in
1287 3043 1356 3108 exi·

64 3168 130 3235 guo
152 3167 288 3213 numero
319 3166 481 3234 personae
504 3147 651 3232 egerint,
688 3157 725 3213 ut
756 3147 838 3215 haec
859 3148 935 3214 unio
958 3147 1168 3233 dissolvatur3
1201 3148 1358 3235 utigitur

66 3256 188 3319 iterum
207 3251 243 3315 in
264 3251 381 3339 majori
402 3272 614 3339 personarum
636 3274 771 3320 numero
794 3262 920 3341 agatur,
944 3252 986 3320 ad
1007 3259 1160 3320 unionem
1181 3250 1273 3345 hanc'
1295 3253 1358 3317 ite-

66 3379 140 3423 rum
160 3354 424 3439 restaurandam,
448 3364 480 3421 et
501 3357 589 3444 quod
621 3367 738 3446 speret,
763 3358 837 3424 illos
860 3360 922 3426 hoc
954 3359 1134 3425 effecturos.
1178 3356 1240 3421 His
1263 3354 1359 3421 dictis

68 3461 281 3528 communitas
312 3458 417 3526 adhuc
445 3462 550 3546 magis
583 3460 631 3527 illi
664 3484 700 3528 se
732 3463 926 3552 opponebat,
960 3484 1072 3530 omnes
1094 3462 1252 3546 dieentes,-
1273 3458 1359 3548 quod

69 3567 152 3633 haee
185 3587 283 3652 agere
316 3587 382 3630 non
413 3566 557 3654 possint;
581 3566 666 3654 quod
687 3569 759 3656 ipse
780 3590 841 3634 rex
862 3567 922 3634 has
944 3567 1189 3634 communitates
1212 3564 1361 3631 diviserit

54 3680 104 3759 *et
123 3673 159 3737 in
181 3670 300 3738 talibus
322 3671 416 3756 regni
438 3673 595 3736 insertum
619 3672 669 3754 sit,
692 3678 728 3735 ut
748 3670 864 3737 futuris
885 3673 1052 3760 perpetuis
1075 3666 1274 3759 temporibus
1296 3665 1357 3732 hae

70 3778 219 3843 civitates
241 3797 406 3863 nunquam
436 3775 576 3864 amplius
607 3777 760 3841 uniantur
780 3777 900 3842 unione
921 3778 1032 3865 priori,
1055 3783 1087 3840 et
1109 3776 1136 3840 si
1158 3774 1360 3861 quiscunque

70 3882 134 3947 hoc
166 3890 324 3948 attentare
346 3880 445 3950 vellet
473 3890 506 3948 et
537 3880 579 3946 ad
608 3879 693 3947 hanc
728 3881 881 3947 unionem
903 3880 1068 3970 adjuvare,
1102 3888 1139 3946 ut
1170 3877 1245 3944 talis
1266 3875 1361 3943 bonis

71 3995 105 4052 et
125 3986 193 4052 vita
213 3987 365 4073 privetur.
395 3984 541 4052 ¹Senatus
571 4005 649 4051 vero
679 3984 791 4051 exibat
811 3991 943 4073 propter
964 3983 1119 4051 articulos
1141 3980 1362 4054 communitati

72 4090 224 4175 traditos3
247 4099 315 4155 tum
336 4091 440 4178 primo
462 4091 664 4156 resciverunt
699 4088 740 4155 de
765 4089 819 4159 his
838 4090 933 4156 novis
961 4087 1109 4156 dissidiis
1128 4088 1163 4154 in
1185 4086 1366 4154 eommuni-

73 4203 142 4260 tate
164 4195 199 4259 in
221 4216 320 4260 cansa
341 4195 480 4277 unionis,
503 4203 600 4282 atque
622 4193 672 4259 his
696 4215 732 4258 se
754 4200 956 4283 opponentes
978 4192 1143 4284 dixerunt,
1166 4201 1199 4258 et
1220 4186 1308 4257 nunc
1323 4189 1365 4256 de

72 4302 125 4366 his
148 4309 255 4387 agant,
286 4290 418 4387 propter
437 4310 522 4388 quae
546 4298 635 4381 citati
655 4298 796 4382 fuerunt,
819 4320 937 4386 nempe
957 4306 1089 4388 propter
1107 4296 1181 4365 illos
1203 4282 1366 4373 articulos,

75 4405 142 4470 alia
178 4426 255 4471 vero
279 4413 311 4469 et
346 4427 433 4481 nunc
476 4406 634 4488 omittant,
658 4412 690 4469 et
711 4405 740 4469 si
762 4403 834 4492 quis
856 4401 898 4468 de
920 4402 981 4468 hac
1002 4404 1124 4470 unione
1145 4401 1234 4490 apud
1255 4419 1366 4486 regem

75 4531 176 4596 agere
193 4509 287 4591 velit,
310 4516 346 4573 ut
366 4529 426 4605 pro
449 4529 484 4572 se
506 4509 577 4595 ipso
599 4515 685 4593 agat,
709 4515 742 4572 et
762 4529 828 4572 non
849 4528 909 4594 pro
932 4514 1047 4575 senatu
1069 4515 1101 4574 et
1130 4505 1367 4574 communitate.

163 4613 267 4679 Hisa
305 4621 418 4679 senatu
441 4611 536 4677 dictis
557 4610 681 4677 Passek
702 4610 834 4703 auribus
857 4619 888 4677 ct
910 4612 1016 4699 capite
1038 4610 1190 4678 demissis
1213 4631 1286 4675 cum
1309 4628 1368 4675 sua

76 4717 174 4786 turba
195 4721 304 4804 tacuit,
328 4726 361 4819 et
380 4717 509 4806 quietus
529 4715 716 4804 permansit.
760 4715 882 4785 Ultimo
904 4716 1025 4787 iterum
1043 4716 1169 4785 mentis
1186 4713 1286 4781 taeta
1309 4712 1385 4775 to'm
