2948 5040
128 172 173 243 'ta

123 347 281 431 habitent,
306 347 363 413 sed
386 346 427 414 (16
449 349 580 428 civitate
602 349 767 433 recedant,
797 357 830 415 et
850 370 1016 437 nunquam
1030 347 1168 438 amplius
1192 348 1419 436 suscipiantur.

208 454 307 537 Item3
331 454 364 517 in
386 453 448 519 hoc
470 455 568 520 etiam
588 453 784 519 unanimiter
806 454 1043 520 consentimus:
1075 474 1149 517 cum
1172 450 1239 518 Sua
1261 451 1418 538 Majestas

122 558 227 644 Regia
250 557 398 622 dominus
428 567 539 624 noster
561 560 813 644 gratiosissimus
847 559 998 644 dignatus
1033 559 1074 622 sit
1102 556 1198 622 nobis
1220 557 1419 644 promittere,

126 660 213 751 quod
234 683 294 726 nos
316 683 428 726 omnes
450 663 485 725 in
505 661 579 744 fide,
602 662 729 739 ritibus,
752 661 910 728 laudabili
932 647 1166 727 oonsussudine
1197 669 1230 726 et
1245 660 1324 747 jure
1348 682 1421 726 con-

127 787 257 830 servare
279 764 368 845 velit,
407 763 496 851 quod
533 765 630 830 etiam
653 787 714 831 nos
748 787 825 850 erga
849 765 948 830 Suam
969 765 1174 852 Majestatem
1196 769 1334 852 regiam,
1372 777 1419 834 ut·
1453 763 1454 767 ¹

125 877 200 957 pote
211 867 461 933 haereditarium
474 867 640 933 dominum
664 877 810 934 nostrum
833 870 1114 955 gratiosissimum,
1136 868 1277 935 fideliter
1299 881 1334 938 et
1358 875 1421 938 sin.

127 994 201 1037 cere
223 979 337 1058 gerere
359 970 508 1054 velimus,
532 971 566 1035 id
583 972 682 1058 juxta
703 971 785 1036 alios
808 980 909 1037 status
932 972 1153 1057 observantes,
1180 984 1213 1038 ut
1235 977 1421 1064 quicunque

126 1075 227 1144 vellet
259 1084 314 1140 aut
334 1076 457 1141 vellent
479 1076 563 1142 Suae
579 1076 743 1162 Majestati
770 1076 895 1161 Regiae
916 1099 1036 1142 nocere
1057 1078 1111 1145 vel
1135 1080 1272 1165 aggredi
1293 1082 1330 1146 in
1353 1103 1422 1168 per·

129 1202 217 1262 sona,
251 1187 307 1243 aut
334 1177 441 1262 bonis,
476 1178 562 1266 quod
598 1178 696 1244 Suam
718 1179 854 1266 Regiam
876 1180 1091 1268 Majestatem,
1128 1205 1186 1269 pro
1207 1183 1424 1270 possibilitate

131 1294 243 1352 nostra
274 1285 357 1349 tueri
394 1294 426 1348 et
448 1283 624 1350 defendere
652 1285 801 1370 velimus,
839 1299 871 1354 et
892 1290 938 1353 ita
962 1308 1020 1351 nos
1044 1309 1168 1372 gerere,
1204 1289 1288 1352 sicut
1308 1286 1422 1353 fideles

63 1399 64 1402 ’
129 1389 276 1455 subditos
311 1388 414 1471 decet,
453 1400 662 1476 sperantese
696 1399 817 1474 contra,
855 1394 941 1481 quod
964 1391 1030 1458 Sua
1051 1392 1155 1477 Regia
1176 1391 1334 1479 Majestas
1368 1414 1424 1458 nos

125 1503 244 1586 *contra
274 1491 424 1557 infideles
454 1502 486 1558 et
516 1516 667 1561 erroneos
690 1495 838 1561 homines
861 1519 965 1585 aeque
987 1495 1173 1579 defendere,
1197 1503 1229 1559 61
1244 1516 1312 1560 666
1336 1494 1425 1560 dese·

124 1599 206 1664 'rere
228 1596 424 1683 dignabitur,
448 1605 479 1663 et
500 1621 559 1663 nos
581 1609 691 1687 utpote
713 1623 774 1665 rex
798 1600 992 1666 christianus
1014 1602 1049 1666 in
1072 1598 1231 1665 similibus
1254 1597 1420 1686 adjuvare.

213 1701 313 1786 Item;
350 1700 497 1766 volumus
543 1711 575 1767 et
596 1705 827 1787 consentimus,
863 1706 890 1769 si
925 1705 1004 1792 quid
1049 1703 1144 1769 uobis
1175 1690 1426 1790 quibuscunque

131 1807 259 1873 clericis
283 1815 316 1871 et
339 1806 568 1890 saecularibus,
592 1807 748 1873 divitibus
770 1809 824 1874 vel
846 1808 1044 1896 pauperibus
1067 1806 1109 1872 ob
1132 1815 1278 1871 nostrum
1310 1829 1427 1894 propo·

122 1912 241 1987 situm,
266 1934 329 1999 quo
353 1910 575 1975 conffisionem
610 1919 642 1975 et
664 1904 887 1978 diversitatem
919 1911 996 1977 fidei
1029 1896 1272 1997 impedivimus,
1307 1910 1427 1976 malum

130 2016 301 2081 imminere
324 2014 467 2099 deberet,
491 2015 577 2102 quod
599 2038 658 2081 nos
681 2018 823 2083 invicem
855 2016 1007 2081 deserere
1029 2016 1178 2098 nolimus,
1209 2014 1266 2080 sed
1290 2014 1427 2080 consilio

40 2119 48 2132 “
132 2127 164 2184 61
186 2119 308 2184 auxilio
332 2118 488 2208 adjuvare
510 2122 736 2207 promittimus.
785 2112 787 2117 ¹

217 2223 318 2308 Item,
358 2226 543 2312 quicunque
565 2225 702 2290 anobis
725 2234 822 2290 antea
854 2231 1074 2308 recesserunt,
1113 2224 1283 2290 civitatem
1315 2235 1351 2292 et
1372 2248 1426 2291 nos

133 2338 335 2416 spernentes,
358 2350 465 2416 neque
488 2326 626 2416 amplius
650 2328 692 2393 ad
713 2351 774 2397 nos
797 2329 980 2412 redeuntes,
1020 2349 1098 2416 erga
1119 2328 1193 2394 illos
1220 2350 1280 2394 nos
1304 2331 1353 2396 ita
1376 2352 1426 2416 ge·

133 2454 206 2498 rere
228 2432 387 2514 volumus,
410 2441 447 2496 ut
469 2455 524 2497 eos
546 2432 777 2521 relinquamus,
802 2456 908 2521 neque
929 2433 1068 2520 amplius
1091 2442 1307 2521 acceptemus.

217 2535 318 2621 Item;
352 2535 429 2601 dum
465 2544 595 2600 senatus
627 2538 778 2602 renovari
802 2536 959 2619 debuerit,
982 2538 1178 2602 unanimiter
1200 2537 1426 2618 conclusimus,

120 2628 171 2704 ut
192 2641 288 2729 hujus
311 2662 409 2705 causa
445 2639 526 2704 nulli
547 2641 761 2728 particulares
784 2650 962 2707 conventus
995 2639 1183 2725 habeantur,
1221 2651 1252 2708 et
1274 2665 1343 2707 non
1366 2665 1426 2708 am·

135 2745 220 2833 plius
254 2754 369 2830 agatur
401 2751 434 2808 et
455 2741 657 2828 decernatur,
694 2746 750 2832 qui
772 2745 815 2809 ad
838 2744 1029 2811 electionem
1051 2747 1165 2811 venire
1187 2737 1340 2830 debeant,
1371 2768 1426 2812 nec

135 2872 187 2933 ne,
211 2849 269 2914 sed
291 2859 386 2935 prout
416 2849 575 2914 ordinatio
599 2849 683 2914 Suae
705 2849 886 2936 Majestatis
918 2852 1039 2936 regiae,
1070 2852 1145 2938 piae
1169 2852 1349 2917 memoriae
1373 2874 1427 2918 ex·

137 2953 238 3038 hibet,
260 2962 432 3041 postquam
450 2955 661 3019 communitas
685 2956 885 3037 convenerit,
908 2963 985 3019 tunc
1007 2966 1139 3042 agatur,
1166 2978 1241 3019 nam
1265 2957 1293 3020 si
1305 2955 1426 3021 occulte

135 3058 169 3123 in
191 3056 378 3145 particulari
396 3058 478 3124 haec
499 3081 552 3123 res
575 3059 630 3144 agi
653 3056 796 3139 deberet,
826 3057 1011 3123 laederetur
1040 3060 1190 3128 voluntas
1213 3059 1300 3125 Suae
1322 3061 1421 3149 Maje·

136 3163 237 3245 statis,
261 3163 347 3250 quod
369 3163 542 3249 diligenter
564 3157 803 3244 observandum
827 3173 884 3244 est,
907 3187 949 3228 ne
972 3163 1187 3229 admisceatur
1208 3163 1301 3246 illud,
1343 3161 1424 3250 quod

135 3291 200 3334 non
223 3268 349 3336 decet

124 3435 127 3441 ,
221 3371 319 3457 Item3
343 3394 422 3459 quas
446 3379 576 3436 senatus
592 3392 750 3458 personas
773 3375 986 3456 annotaverit,
1010 3373 1072 3438 hae
1094 3380 1256 3454 maneant,
1269 3395 1333 3439 nec
1348 3374 1428 3462 quis·

138 3499 234 3563 quam
271 3476 353 3540 alios
387 3475 553 3541 adscribat
591 3476 661 3540 sine
696 3477 780 3540 scitu
814 3485 846 3541 et
872 3477 1038 3543 voluntate
1060 3478 1157 3543 totius
1181 3485 1322 3542 senatus.
1371 3477 1429 3559 Qui

137 3605 215 3648 vero
240 3589 357 3646 statuto
380 3589 489 3646 nostro
514 3581 755 3646 contravenerit
776 3589 809 3645 et
831 3583 895 3669 ipsi
919 3583 1090 3669 probatum
1112 3582 1220 3657 fuerit,
1242 3602 1303 3667 pro
1326 3581 1429 3671 prodi·

137 3696 208 3753 tore
230 3684 395 3765 habeatur,
419 3695 451 3749 ct
474 3684 514 3748 de
537 3684 767 3749 communitate
790 3685 930 3750 tollatur.

223 3792 321 3875 Item,
357 3793 433 3854 dum
457 3788 613 3875 eligentes
637 3788 808 3875 eliguntur,
840 3791 904 3853 sint
925 3812 1083 3876 personae
1107 3789 1198 3872 tales,
1223 3813 1306 3878 quae
1329 3793 1365 3877 in
1388 3813 1430 3858 er·

139 3896 266 3963 roribus
290 3896 430 3981 suspecti
452 3908 518 3958 non
541 3902 624 3975 sunt,
650 3894 707 3958 sed
731 3894 836 3959 bonae
858 3895 964 3958 famae
987 3903 1018 3958 et
1041 3894 1234 3962 conditionis
1255 3878 1410 3961 existant.

159 4075 163 4080 .
224 3999 323 4083 Item,
359 4000 542 4086 quicunque
574 4001 630 4085 jus
654 3999 750 4064 civile
773 3996 937 4064 assumere
960 3999 1040 4081 vult,
1064 3998 1227 4082 articulos,
1250 3998 1292 4064 de
1316 4000 1431 4088 quibus

140 4110 224 4173 inter
246 4127 305 4169 nos
329 4106 549 4186 convenimus,
587 4106 733 4191 aprimo
767 4102 945 4191 usquead
978 4103 1127 4167 ultimum
1162 4125 1292 4168 servare
1327 4105 1431 4180 debet

141 4213 279 4298 illosque
301 4212 392 4292 tueri,
418 4219 449 4273 et
472 4209 527 4296 qui
549 4211 700 4274 inventus
723 4208 830 4289 fuerit,
855 4207 941 4295 quod
964 4229 1019 4272 ore
1042 4207 1239 4294 profiteatur,
1260 4229 1363 4295 opere
1382 4233 1433 4275 au·

142 4319 208 4381 tem
232 4316 327 4380 aliter
350 4323 435 4399 agat,
460 4323 492 4378 61
514 4313 604 4395 illud,
629 4314 670 4376 de
693 4336 755 4399 quo
779 4311 1009 4387 conclusimus,
1032 4310 1172 4376 ludibrio
1195 4311 1342 4396 haberet,
1381 4313 1429 4381 vel

121 4411 284 4508 amplius
308 4420 504 4505 loqueretur,
528 4428 623 4503 prout
640 4421 710 4505 jam
734 4418 855 4482 dictum
880 4426 938 4499 est,
962 4439 1096 4503 nempe:
1131 4416 1252 4498 credat,
1276 4418 1432 4503 quivult,

142 4539 175 4593 et
198 4527 487 4615 quomodocunque
524 4524 610 4606 vult3
644 4533 699 4587 aut
737 4546 810 4588 cum
832 4521 1017 4586 Piokhartis
1040 4521 1266 4587 conventicula
1289 4521 1434 4604 haberet,

116 4615 121 4622 ’
146 4635 230 4697 61661
253 4631 356 4718 aliqui
379 4631 475 4694 etiam
499 4628 611 4694 domos
635 4626 795 4693 emebant:
819 4625 892 4692 talis
916 4627 1024 4692 statim
1047 4636 1081 4692 ut
1104 4649 1146 4692 ex
1168 4625 1249 4692 urbe
1271 4629 1416 4695 recedat.

224 4734 310 4800 Item
348 4735 437 4800 omni
459 4756 545 4800 anno
578 4734 613 4798 in
635 4733 853 4801 renovatione
869 4739 1000 4798 senatus
1023 4729 1106 4797 haec
1127 4739 1240 4798 nostra
1271 4732 1432 4802 ordinatio
