2948 5040
135 149 199 241 1¹24

132 321 198 389 Hic
220 314 294 390 eum
332 322 506 392 violentius
543 333 576 392 et
607 327 641 394 vi
662 323 802 414 injustae
819 326 988 402 resistere
1024 346 1092 395 non
1122 326 1297 417 potuerint,
1327 333 1435 398 coacti

136 425 264 495 morunt
299 451 334 494 se
369 431 422 497 ita·
446 446 560 516 gerere
597 438 629 496 et
677 451 774 516 agere
812 432 990 498 secundum
1025 432 1226 500 voluntatem
1266 433 1434 501 seniorum

133 520 367 618 magistrorum
394 532 552 611 tribuum,
586 533 756 601 adiverumt
798 533 1108 621 administratorem,
1146 546 1180 603 et
1223 537 1330 604 eidem
1378 560 1436 606 no·

131 633 297 706 titianus
318 638 376 705 tali
398 658 509 715 eorum
529 638 683 707 mandato
703 638 902 724 retulerunt3
925 639 981 706 ille
1001 661 1080 707 vero
1102 664 1242 730 nequam
1264 641 1434 733 aliquibus

129 743 245 830 mitior,
268 734 460 833 quibusdam
480 766 560 812 vero
580 744 717 833 rigidior
737 765 773 809 se
795 743 963 829 exhibens,
986 743 1061 811 illos
1081 746 1199 813 iterum
1245 747 1289 814 ad
1322 750 1433 836 magi-

119 857 216 915 ¹atros
253 848 393 916 tribuum
421 851 547 917 remisit
582 850 670 915 etin
693 847 854 936 quandam
875 857 997 945 certam
1018 840 1223 916 securitatem
1252 855 1432 926 constituit

129 951 182 1019 Illi
203 975 369 1020 veronen
394 955 494 1021 semel
517 953 575 1021 sed
590 951 752 1020 multoties
773 952 949 1020 hincinde
971 957 1063 1042 qussi
1086 966 1230 1022 errantes
1251 958 1310 1039 tsli
1331 959 1432 1026 mode

128 1048 385 1142 obambulanmt,
409 1066 441 1124 et
462 1059 624 1146 usquein
660 1055 758 1140 trihu,
781 1078 887 1144 neque
923 1058 1010 1145 apud
1039 1058 1335 1127 administratorem
1369 1063 1428 1128 ali·

127 1160 206 1250 quid
227 1161 371 1229 obtinere
393 1171 624 1251 potueruut,ae
646 1161 680 1228 in
702 1163 931 1229 communitate
953 1163 1000 1228 eis
1023 1155 1186 1243 dixerunt,
1209 1165 1297 1252 quod
1318 1169 1356 1233 in
1389 1165 1431 1233 il·'

128 1264 168 1331 lis
202 1265 330 1356 eulpam
361 1266 484 1333 nullam
516 1263 704 1354 agnoscant,
725 1288 787 1331 nec
822 1267 1053 1351 causammali
1075 1267 1251 1355 attribuere
1285 1273 1426 1360 possint,

129 1390 191 1436 nec
214 1385 269 1437 eos
285 1370 455 1458 judicare,
478 1369 513 1437 id
534 1371 620 1437 enim
642 1371 684 1436 ad
705 1369 779 1439 illos
800 1392 866 1436 non
887 1373 1060 1458 pertinere,
1084 1372 1143 1439 sed
1158 1381 1195 1438 ut
1215 1373 1258 1439 ad
1280 1372 1424 1442 admini-

129 1483 301 1542 stratorem
322 1476 452 1562 vadant,
484 1498 565 1562 quos
588 1476 685 1542 etiam
706 1474 949 1541 administrator
983 1476 1103 1544 talibus
1143 1476 1253 1545 verbis
1289 1482 1427 1565 remisit,

128 1566 211 1646 sicut
231 1588 265 1647 et
286 1590 426 1667 senatus,
452 1583 563 1670 itaque
585 1603 642 1646 eos
663 1582 833 1667 angustiae
855 1578 977 1668 ubique
999 1589 1134 1647 secutae.
1163 1590 1247 1664 sunt,
1283 1594 1424 1673 excepto

128 1684 195 1768 illo,
218 1686 273 1773 qui
294 1676 378 1751 hene
399 1686 525 1753 solvere
561 1686 672 1774 potuit.
713 1684 809 1750 Haec
843 1706 916 1749 cum
939 1684 1134 1772 quibusdam
1172 1686 1296 1753 tamdiu
1330 1689 1425 1756 dura

127 1790 216 1875 bant,
246 1791 351 1858 donec
385 1792 527 1879 quidam,
550 1795 632 1883 dum‘
649 1802 739 1859 tanta
761 1815 861 1860 onera
877 1794 950 1880 jam
983 1794 1119 1859 sufferre
1141 1817 1208 1859 non
1225 1797 1423 1883 potuissent,

127 1895 275 1963 omnibus
296 1895 458 1964 alimentis
470 1899 624 1982 destituti,
647 1900 839 1986 praesertim
850 1920 1021 1986 pauperes,
1046 1920 1089 1964 ex
1104 1899 1235 1965 civitate
1260 1901 1424 1968 excedere

130 2001 318 2069 debuerunt.
356 2000 421 2083 Qui
456 2026 536 2072 vero
568 2012 826 2092 permanserunt,
859 2003 894 2068 hi
915 2004 1104 2090 promittere
1134 2003 1335 2084 debuerunt,
1375 2006 1433 2081 dio,

127 2115 159 2172 et
195 2116 337 2194 tempore
368 2096 580 2176 determinato
618 2117 650 2174 et
685 2109 849 2175 nominato
883 2109 918 2172 in
948 2108 1147 2191 consistorio,
1185 2108 1424 2194 professionem

125 2210 202 2277 fidei
237 2211 467 2279 contumeliose
503 2222 536 2279 et
570 2214 809 2279 revocationem
842 2210 1016 2300 deponere,
1050 2213 1085 2276 in
1108 2212 1275 2300 Teynensi
1314 2214 1422 2281 eccle·

125 2317 174 2383 sia
207 2316 248 2384 ad
271 2317 372 2383 altare
393 2338 494 2404 penes
527 2315 732 2405 sepulchrum
761 2316 936 2405 Augustini
970 2315 1132 2404 quondam
1155 2317 1300 2405 episcopi
1325 2318 1428 2384 Sane·-

128 2422 309 2505 tuariensia,
346 2420 403 2486 ubi
438 2422 526 2487 nuno
547 2421 702 2488 lectiones
738 2421 890 2508 legumtur
922 2423 1097 2508 eregione
1121 2422 1306 2489 cathedrae.
1352 2427 1421 2492 Hoo

100 2514 202 2591 ¹¹vero
236 2523 333 2592 fiebat
353 2524 505 2592 modoet
526 2527 639 2594 ordine
661 2548 725 2594 non
758 2525 947 2618 christiano.
1002 2527 1113 2607 Primo
1145 2527 1222 2594 dum
1258 2529 1417 2616 quendam

124 2628 166 2695 de
207 2627 257 2694 his
308 2631 456 2717 personis
498 2632 569 2719 jam
604 2634 647 2699 in·
690 2632 881 2698 consistorio
925 2630 1108 2698 habuerunt
1148 2639 1304 2716 notatum,
1356 2644 1417 2700 tan·

63 2725 65 2728 ’
124 2733 206 2799 dem·
221 2755 264 2798 ex
285 2732 346 2800 ha‘c
371 2734 467 2819 tribu,
491 2735 543 2802 vel
564 2736 784 2823 negotiatione
807 2735 979 2803 ediderunt
1014 2735 1066 2801 de'
1091 2735 1158 2800 illis
1196 2738 1415 2829 testimonium

125 2839 283 2926 injustum
305 2838 347 2904 ad
369 2841 595 2908 consistorium
618 2842 677 2907 sub
701 2840 818 2927 sigillis
840 2840 927 2906 illius
950 2839 1063 2925 tribus,
1087 2840 1271 2909 obtinentes
1294 2843 1330 2908 in
1370 2844 1415 2911 his

57 2930 59 2935 ¹
123 2950 156 3008 et
175 2943 210 3008 in
232 2943 382 3010 omnibus
418 2945 491 3012 aliis
513 2969 534 3012 a
556 2956 670 3013 senatu
708 2945 904 3030 mandatum,
943 2953 975 3011 et
998 2943 1136 3033 quidem
1151 2945 1225 3010 tale.
1249 2947 1342 3013 Dum
1361 2939 1365 2947 ’
1384 2970 1414 3013 se

124 3046 277 3114 dixerunt
308 3071 328 3114 a
365 3049 504 3138 quodam
527 3050 701 3135 audivisse,
740 3050 826 3139 quod
848 3051 905 3116 ille
930 3051 1046 3115 iterum
1069 3048 1149 3115 alibi
1171 3049 1346 3136 audiverit,
1377 3051 1413 3117 ab

66 3187 69 3192 ,
120 3149 177 3219 illo
225 3165 376 3242 suspecto
410 3155 571 3243 quaedam
605 3155 647 3222 de
683 3157 895 3222 sacramentis
929 3164 966 3220 et
996 3153 1113 3220 ritibus
1163 3154 1346 3238 ecclesiae,
1387 3164 1414 3220 ot

121 3256 195 3323 aliis
217 3257 374 3325 similibus
396 3259 521 3347 prolata
541 3259 651 3343 fuisse,
674 3259 737 3325 hoo
760 3259 867 3325 statim
902 3259 942 3323 ad
966 3258 1086 3342 literas,
1110 3258 1181 3337 sine
1204 3257 1273 3322 ulla
1295 3250 1430 3346 obliga·¹

113 3356 211 3428 ntione
233 3385 291 3429 seu
325 3363 457 3429 foedere
474 3363 625 3452 judiciali
661 3363 757 3452 hujus
781 3365 882 3441 testis,
920 3372 953 3428 et
974 3361 1078 3428 solum
1101 3371 1215 3429 testem
1250 3386 1355 3428 unum
1376 3364 1414 3430 ad

123 3487 182 3531 sua
212 3467 398 3554 juramenta
418 3469 661 3555 inscripserunt,
695 3469 770 3543 sine
787 3468 855 3532 ulla
882 3467 1032 3554 judiciali
1068 3468 1202 3553 praevia
1234 3467 1410 3553 auditione,

122 3570 220 3638 fuerit
240 3570 297 3637 ille
320 3572 410 3637 testis
432 3573 651 3661 cujuscunque
673 3573 866 3638 conditionis
887 3571 942 3639 vel
964 3560 1075 3652 status,
1097 3571 1202 3637 bonus
1217 3571 1270 3637 vel
1293 3573 1408 3656 malus,

122 3664 154 3742 et
185 3676 271 3742 hunc
291 3675 472 3743 indebitum
494 3686 526 3743 et
550 3671 705 3766 injustum
728 3685 852 3755 testem,
876 3685 912 3742 et
944 3676 1126 3758 subdolum,
1162 3699 1257 3764 quem
1280 3699 1412 3744 accusa·

122 3788 175 3845 tus
197 3802 303 3866 neque
323 3781 416 3859 vidit,
437 3805 543 3871 neque
564 3783 699 3860 audivit,
722 3781 764 3847 ad
787 3782 1013 3847 consistorium
1024 3780 1235 3846 tradiderunt
1287 3781 1411 3849 Hones-

101 3885 232 3949 'tumne
266 3884 329 3950 tale
351 3894 406 3950 aut
439 3886 644 3953 inhonestum
666 3886 832 3972 negotium
854 3886 960 3967 fuerit,
983 3883 1018 3949 id
1054 3883 1126 3949 aliis
1155 3885 1197 3950 ad
1234 3885 1412 3974 dijudican-

122 3988 200 4057 dum
222 3990 404 4076 committo,
428 4000 504 4063 bunc
526 3993 612 4061 enim
633 3991 714 4058 illud
728 3978 855 4077 Pragae
878 3991 925 4056 sic
946 3988 1113 4075 agebatur,
1136 3998 1180 4073 ut,
1204 3990 1410 4081 quidcunque

121 4103 197 4162 ante
218 4095 313 4178 duos,
333 4104 408 4180 tres,
432 4099 573 4186 quinque
595 4096 649 4163 vel
672 4105 795 4183 septem
832 4117 935 4160 annos
973 4093 1014 4159 de
1036 4095 1137 4160 altero
1166 4094 1300 4173 audivit,
1322 4096 1408 4185 quod

121 4196 162 4263 de
188 4220 223 4263 re
256 4199 394 4288 quadam
425 4201 551 4267 locutus
582 4201 689 4284 fuerit,
719 4199 841 4267 fidente
871 4199 930 4282 illi,
963 4207 999 4263 ut
1021 4201 1125 4263 amico
1155 4199 1290 4283 amicus,
1325 4202 1410 4266 civis

122 4303 197 4386 civi,
220 4312 276 4369 aut
298 4305 403 4370 socius
426 4306 523 4389 socio,
546 4305 621 4370 huie
644 4316 709 4371 tam
731 4305 797 4371 lata
830 4315 862 4369 et
896 4303 1004 4390 ampla
1038 4302 1172 4368 libertas
1202 4302 1408 4387 tribueretur,

123 4406 210 4497 quod
230 4408 312 4476 illud
333 4432 399 4476 non
422 4393 535 4493 solum,
567 4411 653 4498 quod
682 4413 716 4477 in
749 4411 884 4477 veritate
912 4409 1046 4492 audivit,
1080 4408 1136 4475 sed
1172 4408 1273 4474 multa
1302 4410 1405 4499 plura,

120 4513 300 4580 intentione
321 4515 407 4581 mala
429 4516 612 4600 excogitata
634 4525 667 4583 et
688 4517 764 4582 ficta
786 4515 857 4581 sine
880 4518 968 4595 omni
1000 4513 1223 4581 aestimatione
1258 4525 1291 4580 et
1318 4515 1407 4600 judi·

39 4614 40 4618 ¹
123 4626 174 4690 cio
196 4647 279 4690 unus
302 4631 414 4688 contra
435 4621 571 4687 alterum
594 4621 773 4709 protulerit,
793 4629 824 4686 et
858 4620 921 4686 hoc
950 4628 1154 4707 assumptum*
1182 4642 1241 4707 pro
1274 4622 1409 4686 veritate

117 4730 227 4813 fuerit,
253 4737 285 4796 et
304 4728 382 4795 lieet
403 4734 572 4796 accusatus
593 4749 705 4795 ornnes
726 4735 857 4794 sanctos
878 4750 914 4797 se
936 4727 1126 4816 adjuvantes
1154 4725 1338 4812 habuisset,
1366 4736 1409 4795 ta·
