2948 5040
1301 134 1358 211 dd.-

59 294 132 374 hus,
170 305 210 371 et,
236 292 378 381 maxime
400 290 462 373 his,
493 291 579 379 qtmd
613 292 676 357 hoc
698 302 935 373 sacramentum
965 296 1094 362 visibile
1116 298 1208 366 Deus
1235 302 1293 388 sit3
1328 312 1361 370 et

57 400 124 484 alii,
156 398 242 487 quod
271 397 306 462 in
333 396 396 463 hoc
419 402 619 460 sacramento
644 396 685 459 sit
707 418 804 461 verus
828 394 919 463 Deus
950 402 1111 479 ethome,
1145 406 1233 470 omni
1256 406 1351 475 modo

52 506 152 592 juxta
185 525 276 569 suam
315 498 496 567 naturalem
531 499 714 582 essentiam,
743 500 939 589 judicabant
972 519 1004 570 et
1036 506 1292 597 confitebantur3
1314 510 1350 579 hi

60 617 171 674 autem
192 629 260 673 non
281 605 385 687 ahter,
408 625 504 691 quam
522 603 619 690 juxta
650 605 868 670 testimonium
892 604 1023 689 Christi,
1054 612 1124 701 ejus
1145 615 1256 683 verbis
1279 618 1360 683 sim.

60 709 216 800 plicibus,
238 718 275 775 ut
283 711 353 797 jam
378 706 499 773 dictum
523 716 580 789 est,
604 705 821 793 crediderunt,
837 718 869 773 et
889 710 1029 777 confessi
1043 713 1089 778 ita
1104 725 1187 782 sunt.
1208 718 1252 785 Et
1262 743 1358 811 prop·

57 824 109 883 ter
129 815 219 882 huno
252 811 424 879 articulum
445 811 530 875 inter
550 809 733 897 Pragenses
756 810 913 896 homines,
937 836 994 880 seu
1017 820 1278 887 communitatem
1290 848 1356 892 ma·

57 919 169 985 ximae
190 917 322 983 fuerunt
344 914 585 996 dissensiones;
620 912 750 978 demum
773 916 828 1001 qui
849 915 989 984 fideliter
1011 922 1103 1009 sequi
1125 922 1227 989 voluit
1249 924 1355 1013 legem

57 1022 134 1103 Dei,
159 1044 233 1093 eum
255 1020 408 1085 dixerunt
424 1039 495 1083 esse
504 1016 736 1100 adversarium,
759 1019 824 1083 imo
842 1040 862 1083 a
878 1019 1071 1106 quibusdam
1094 1023 1284 1111 simpliciter
1296 1050 1355 1116 pro

57 1125 236 1191 Pickharta
259 1131 292 1189 et
300 1121 496 1204 Lutherano,
520 1142 654 1187 erroneo
675 1120 804 1187 habitus
826 1122 904 1201 fuit3
930 1128 1039 1213 etqui
1062 1149 1105 1192 ex
1126 1126 1190 1193 fide
1214 1139 1246 1196 et
1266 1132 1357 1201 insti·

57 1230 183 1294 tutione
206 1225 330 1293 Christi
354 1248 427 1290 cum
449 1224 570 1289 auxilio
585 1223 731 1313 ejusdem
748 1225 871 1312 aliquid
889 1227 1056 1315 elegerunt
1088 1239 1119 1295 et
1145 1245 1359 1320 agnoverunt,

57 1331 213 1398 docentes
251 1352 306 1395 eos
329 1329 411 1394 haec
434 1327 628 1410 sacerdotes,
666 1337 698 1392 et
720 1328 790 1393 veri
812 1330 917 1394 nuntii
941 1328 1074 1413 Christi,
1110 1333 1184 1400 illos
1207 1338 1352 1427 papistas

56 1440 308 1505 nominaverunt
355 1435 582 1522 dixeruntque,
627 1456 699 1499 esse
732 1458 851 1501 novam
887 1436 984 1503 fidem
1019 1426 1251 1527 excogitatam3
1298 1442 1356 1508 sed

61 1542 149 1629 quod
172 1562 191 1604 a
212 1539 372 1627 principio
410 1560 520 1603 eorum
543 1538 734 1624 aliquorum,
772 1562 890 1626 nempe
913 1561 933 1603 a
956 1540 1141 1629 Roleyczano
1176 1553 1210 1609 et
1238 1541 1357 1611 adhae-

58 1643 208 1710 rentibus
234 1643 314 1729 ejus,
338 1664 377 1706 ac
399 1642 473 1705 aliis
487 1642 516 1705 ei
540 1641 710 1718 similibus,
734 1651 767 1706 et
780 1643 889 1707 noxiis
913 1645 1073 1731 episcopis
1088 1657 1163 1712 ante
1186 1644 1359 1735 sexaginta

58 1769 163 1813 annos
186 1746 404 1831 excogitatum
427 1745 496 1826 fuit,
536 1744 615 1809 illud
638 1767 697 1832 pro
720 1746 794 1831 lege
817 1758 906 1812 certa
929 1757 961 1812 et
982 1747 1047 1813 fide
1078 1753 1211 1840 antiqua
1249 1775 1358 1818 susce·

56 1860 186 1941 parunt,
209 1851 365 1926 dicentes,
388 1850 461 1914 illos
484 1870 549 1913 non
573 1871 708 1932 errasse,
743 1850 802 1914 sed
825 1853 1017 1917 constitutos
1048 1852 1150 1919 fuisse
1187 1854 1354 1941 doctores;

58 1957 122 2021 hoc
147 1955 280 2042 quidem
308 1951 361 2020 vel
383 1953 525 2017 maxime
546 1953 582 2015 in
602 1954 739 2018 materia
773 1964 805 2018 ot
827 1976 924 2021 sensu
947 1953 988 2021 de
1012 1967 1213 2027 sacramento
1245 1981 1358 2046 corpo·

57 2062 102 2125 ris
115 2069 149 2125 et
171 2059 339 2145 sanguinis
349 2055 480 2138 Christi,
505 2055 591 2142 quod
614 2055 708 2121 latius
730 2056 920 2145 probabitur
942 2060 977 2123 in
999 2058 1055 2125 lib.
1078 2061 1107 2127 2.
1133 2083 1202 2148 cap.
1236 2064 1286 2128 10.
1315 2062 1353 2127 In

58 2187 121 2251 quo
146 2162 281 2229 articulo
304 2170 410 2226 autem
432 2159 473 2223 de
495 2159 703 2246 Rokycaano,
741 2184 857 2247 graves
890 2163 1020 2227 fuerunt
1042 2165 1248 2230 resistentiae
1283 2188 1357 2231 cum
1454 2174 1462 2190 “

56 2267 252 2333 Taboriensi
275 2266 372 2347 clero,
410 2264 543 2347 tamdiu,
577 2260 680 2328 donec
704 2264 861 2352 quosdam
882 2267 950 2332 vita
971 2268 1141 2352 privasset,
1180 2267 1356 2352 adjuvante

55 2394 135 2458 rege
158 2371 310 2457 Georgio.
333 2368 385 2433 De
409 2366 526 2454 quibus
550 2367 605 2433 lex
624 2368 690 2434 Dei
705 2391 769 2435 non
794 2368 907 2453 solum,
932 2369 991 2434 sed
1015 2379 1047 2435 et
1067 2372 1188 2436 vetusti
1204 2370 1357 2437 doctores

58 2497 172 2540 omnes
196 2474 307 2558 silent,
342 2471 427 2558 quod
448 2481 555 2536 autem
578 2473 669 2549 haec,
689 2475 785 2560 juxta
806 2472 911 2559 legem
935 2474 1001 2538 Dei
1030 2473 1126 2558 dicta,
1167 2478 1359 2562 excogitata

55 2580 130 2662 sint,
154 2575 351 2642 multi-tales
375 2577 464 2640 caeci
486 2576 650 2662 impudice
672 2576 822 2660 fatentur,
836 2578 1027 2643 seducentes
1049 2578 1131 2644 alios
1147 2580 1301 2646 homines
1324 2589 1358 2647 et

56 2683 184 2748 animas
207 2682 274 2746 suis
297 2679 388 2745 falsis
410 2678 667 2766 probationibus.
689 2680 797 2768 Atque
808 2682 866 2747 tali
877 2682 973 2748 modo
995 2685 1229 2770 repugnantiae
1261 2692 1353 2751 erant

20 2864 23 2868 .
56 2807 196 2872 magnae
217 2786 303 2849 inter
324 2782 496 2849 falsitatem
521 2792 552 2848 et
568 2788 747 2868 veritatem,
772 2794 914 2851 attamen
938 2785 1115 2853 ababtibus
1137 2791 1286 2873 assuetis,
1320 2798 1353 2855 et

57 2889 154 2954 malis
168 2888 328 2974 exemplis
343 2886 435 2950 multi
448 2885 664 2965 abstinebant,
678 2888 719 2953 ad
732 2888 927 2953 audiendum
941 2889 1077 2955 verbum
1088 2890 1163 2974 Dei,
1186 2892 1228 2956 ad
1253 2893 1354 2958 eccle·

59 3000 124 3062 sias
153 3005 187 3062 et
208 2997 454 3062 concionatores
477 2992 591 3058 fideles
616 2992 740 3057 lubenti
764 2994 870 3057 animo
894 2992 993 3075 ibant,
1032 2994 1088 3059 ubi
1112 2997 1356 3062 constitutiones

57 3101 373 3182 veraechristianae,
396 3120 455 3184 per
466 3096 641 3179 Christum,
665 3097 719 3162 vel
730 3096 833 3178 aliter,
858 3099 927 3161 sine
939 3097 1081 3162 laesione
1093 3098 1175 3183 legis
1199 3099 1354 3188 ejusdem,

57 3207 225 3271 institutae
236 3203 377 3269 fideliter
399 3201 621 3283 servabantur,
631 3202 726 3288 juxta
737 3202 868 3265 unicam·
881 3205 968 3266 viam
981 3223 1039 3287 per
1051 3198 1216 3266 Christum
1229 3212 1261 3268 et
1280 3226 1356 3291 apo·

55 3308 156 3375 stolcs
166 3311 236 3397 ejus
248 3316 466 3373 assecuratam
479 3304 558 3370 etad
571 3306 671 3368 vitam
681 3304 852 3369 ducentem
863 3316 1028 3370 aeternam
1036 3305 1268 3393 procedebant,
1277 3307 1355 3374 alte·

54 3437 125 3479 ram
137 3435 227 3498 vero,
237 3436 319 3503 quae
328 3412 418 3477 ducit
437 3409 656 3490 adinteritnm,
665 3408 819 3474 vitabant.
832 3410 1058 3497 Purgatorium
1068 3409 1221 3475 dicebant
1232 3433 1355 3496 verum,

52 3517 126 3582 Deo
150 3530 289 3603 gratum,
311 3517 346 3579 in
368 3515 431 3579 hoc
452 3512 583 3588 munde,
605 3534 664 3598 per
686 3512 785 3577 vitam
801 3512 932 3597 bonam,
955 3516 1043 3601 piam
1066 3522 1099 3578 et
1130 3514 1352 3601 poenitentias

52 3644 165 3686 veram
178 3621 301 3708 perfici,
324 3620 422 3684 etita
446 3617 509 3681 illis
531 3616 672 3704 placere,
695 3619 872 3683 assecurati
894 3642 937 3683 ex
960 3620 1119 3706 scriptura
1141 3642 1242 3698 sacra,
1268 3618 1355 3707 quod

54 3733 284 3813 postmortem,
306 3724 418 3788 neoad
442 3723 513 3804 hoc,
530 3720 687 3808 nequead
709 3722 797 3786 aliud
808 3732 934 3811 tempus
958 3725 1106 3806 sufficiet,
1123 3733 1295 3812 sequentes
1317 3727 1352 3791 in

54 3830 106 3895 his
132 3830 302 3897 consilium
315 3828 445 3893 Erasmi
466 3824 761 3908 Roterodamensis,
786 3830 846 3914 qui,
863 3828 944 3892 alias
967 3829 1155 3915 purgatorii,
1179 3838 1211 3894 et
1235 3828 1353 3914 bullae,

52 3934 106 3999 vel
131 3932 406 4020 indulgentiarum
428 3932 625 3996 mentionem
649 3929 736 4014 facit,
761 3942 793 3995 et
815 3931 960 3997 illusorie
984 3932 1154 4015 exclamat,
1191 3933 1227 3997 in
1260 3931 1353 4000 libris

52 4039 94 4104 de
120 4037 216 4103 laude
242 4036 407 4118 stultitiae,
430 4035 561 4099 dicens:
586 4033 672 4121 quod
694 4033 796 4099 falsae
820 4043 851 4100 et
875 4036 1078 4121 excogitatae
1101 4036 1166 4099 sint
1186 4058 1240 4100 res
1265 4036 1354 4123 illae,

53 4150 190 4230 propter
212 4144 400 4228 pecuniam,
438 4148 473 4203 ut
504 4161 563 4225 per
586 4159 655 4221 eas,
695 4140 787 4226 quasi
823 4162 885 4226 per
907 4137 1146 4204 infundibulum
1168 4139 1354 4208 hominibus

51 4256 243 4312 mensurant
265 4246 436 4311 dilationes
461 4254 493 4310 et
514 4247 547 4309 in
570 4245 757 4333 purgatorio
789 4243 1000 4326 detentiones,
1034 4265 1094 4331 per
1123 4266 1233 4328 annos,
1262 4268 1352 4313 men·

59 4373 123 4436 ses,
160 4350 230 4417 dies
260 4361 292 4415 et
314 4351 409 4416 horas
434 4360 466 4415 et
491 4350 535 4414 ita
557 4352 644 4415 viam
667 4349 709 4414 ab
734 4348 948 4434 indulgentiis
972 4348 1013 4412 ad
1044 4350 1274 4435 purgatorium,
1310 4351 1352 4417 ab

55 4454 138 4521 inde
159 4465 249 4523 recte
273 4454 327 4540 (ad
350 4454 526 4543 infernum)
549 4456 691 4543 inquam,
722 4454 764 4519 ad
787 4454 911 4519 coelum
934 4454 1004 4518 sine
1026 4452 1114 4517 omni
1142 4452 1351 4541 praecedenti

51 4560 259 4648 poenitentia
279 4567 411 4648 propter
432 4559 615 4624 mercedem
639 4560 860 4648 pecuniariam
898 4565 1088 4622 monstrent.
1132 4556 1242 4622 Rebus
1272 4577 1351 4622 vero

52 4662 132 4729 aliis
157 4664 378 4731 adhaeserunt
409 4665 507 4751 juxta
544 4666 675 4732 coniitia
696 4685 899 4753 praegressa,
936 4670 1081 4748 tempore
1115 4660 1357 4726 Purificationis

1111 4763 1155 4831 *δὴ
