2948 5040
1296 140 1359 213 1911

54 312 180 382 festum
201 313 235 383 S.
258 312 347 383 Galli
370 314 525 402 suffragia
544 323 743 404 peregerunt
764 315 870 385 clerus
893 314 978 382 arcis
991 313 1176 402 Pragensis,
1200 321 1234 382 et
1250 313 1357 381 clerus

56 421 238 506 Pragensis
261 419 397 486 inferior
416 441 481 509 pro
501 421 611 487 anima
632 421 904 508 regisLudovici
926 440 999 486 curn
1020 427 1178 507 apparatu
1195 420 1358 508 exquisito

56 546 133 591 cum
173 523 270 616 pulsu
303 546 536 613 campanarum
568 535 601 590 et
634 525 786 592 cantibus
808 525 928 591 debitis
950 532 1011 591 etc.
1046 524 1229 610 Pragenses
1260 525 1358 590 etiam

56 631 165 717 magis
187 652 230 696 ex
252 628 487 696 consuetudine
509 629 799 717 praedecessorum
823 650 964 715 suorum,
989 650 1087 717 quam
1110 650 1152 694 ex
1174 629 1289 717 gratia,
1322 638 1358 696 nt

54 735 208 803 ordinem·
216 742 357 818 servent,
373 733 454 800 illud
470 742 614 820 egerunt.
637 732 785 803 Tandem
799 733 853 799 die
867 733 981 800 Martis
992 735 1027 799 in
1048 732 1131 799 festo
1148 731 1181 799 S.
1206 732 1357 801 Severini

55 839 216 930 (23.011)
228 839 384 926 eligentes
398 839 610 904 commissarii
622 859 666 903 ex
680 837 829 918 omnibus
840 836 944 905 tribus
957 837 1092 905 statibus
1099 838 1231 905 fuerunt
1241 839 1357 905 consti·

55 945 176 1023 tntiad
195 944 267 1029 hoc,
279 953 316 1010 ut
326 943 450 1031 eligant
471 953 504 1009 et
517 941 588 1009 loco
605 942 701 1009 totius
712 943 807 1030 regni
819 946 906 1010 inter
927 965 963 1009 se
979 942 1184 1010 concorditer
1200 952 1300 1029 agant
1314 942 1356 1010 de

55 1072 144 1117 novo
158 1072 237 1137 rege
255 1058 287 1115 et
301 1049 443 1117 domino.
465 1049 635 1135 Eligentes
650 1049 864 1116 commissarii
878 1049 1009 1114 fuerunt
1030 1048 1196 1114 constituti
1217 1047 1259 1114 de
1272 1070 1356 1136 quo-

53 1155 136 1221 libct
148 1162 243 1237 statu,
266 1153 479 1237 dominorum,
493 1158 645 1240 equestri,
669 1163 701 1220 et
716 1152 815 1235 civili,
839 1162 911 1219 octo
925 1166 1102 1241 personam
1125 1161 1222 1241 atque
1238 1151 1354 1217 eadem

55 1259 113 1326 die
134 1252 271 1325 cuilibet
300 1259 397 1323 statui
419 1259 604 1346 specialiter
626 1259 769 1326 delatum
790 1257 852 1323 fuit
868 1259 1090 1345 juramentum
1112 1254 1147 1320 in
1170 1253 1296 1342 capella
1318 1252 1352 1321 S.
1398 1284 1401 1289 ·

56 1363 257 1431 Wenceslai.
280 1362 320 1428 In
335 1356 399 1428 Ι1111
414 1385 491 1450 ergo
508 1362 666 1430 electione
686 1370 908 1443 convenerunt
930 1369 963 1426 et
987 1357 1237 1441 concordarunt,
1261 1359 1354 1423 emit-

53 1476 160 1533 tentes
171 1488 268 1533 voces
277 1466 318 1532 de
330 1466 505 1534 archiduce
514 1467 676 1550 Austriae,
690 1467 782 1532 etdie
790 1464 902 1541 altera,
915 1486 1032 1552 nempe
1041 1463 1094 1529 die
1106 1463 1262 1529 Mercurii
1274 1485 1352 1529 eun·

53 1571 132 1639 dem
153 1573 189 1637 in
210 1571 349 1637 comitiis
371 1570 511 1660 publicis
533 1594 592 1658 pro
615 1570 745 1636 domino
767 1571 973 1637 haereditario
1009 1579 1041 1632 ot
1074 1591 1153 1654 rege
1174 1569 1353 1635 Bohemiae

51 1677 148 1764 regni
160 1675 263 1742 electo
282 1674 414 1764 publice
437 1686 469 1741 et
490 1675 630 1742 finaliter
650 1673 948 1763 promulgaverunt,
971 1671 1069 1756 illico,
1092 1673 1140 1739 Te
1151 1674 1259 1740 Deum
1271 1673 1355 1740 Lau·

56 1781 172 1847 damus
183 1781 355 1869 pulsarunt
367 1788 400 1847 et
421 1781 636 1847 decantarunt
657 1783 692 1845 in
714 1788 782 1865 tota
797 1779 929 1845 civitate
940 1779 1110 1865 Pragensi,
1137 1779 1230 1867 cujus
1254 1782 1356 1870 stirps

60 1885 122 1951 fuit
143 1885 450 1973 haec.Principinm
473 1887 543 1974 ejus
565 1907 690 1951 sumam
712 1905 876 1950 acaesare
897 1881 1068 1949 Friderico
1092 1904 1204 1949 sacrae
1237 1907 1358 1951 memo·

56 1993 137 2074 riae,
176 1984 231 2072 qui
253 1990 366 2076 genuit
386 1988 498 2073 filium,
521 1988 781 2055 Maximilianum
804 1988 937 2064 dictum,
975 1987 1031 2074 qui
1064 1987 1196 2055 tandem
1230 2000 1355 2057 mortuo

55 2104 150 2184 patre
172 2116 232 2161 suo
263 2093 455 2161 conscendit
476 2093 588 2159 sedem
611 2114 819 2170 caesaream3
860 2092 916 2179 qui
952 2092 1071 2156 iterum
1105 2095 1219 2178 genuit
1253 2094 1356 2161 filium

55 2201 190 2266 nomine
210 2199 409 2288 Philippum,
444 2201 499 2287 qui
521 2199 691 2288 Philippus
714 2220 868 2264 successu
903 2198 1058 2284 temporis
1088 2221 1153 2265 rex
1174 2198 1356 2288 Hispaniae

61 2305 198 2370 effectus
217 2304 301 2390 fuit3
326 2305 382 2392 qui
403 2305 521 2370 iterum
544 2305 658 2390 genuit
679 2305 760 2371 duos
782 2303 866 2369 filios
895 2301 1058 2387 etlilium,
1090 2324 1226 2392 quorum
1250 2309 1358 2392 unius,

61 2428 178 2496 nempe
200 2409 347 2493 senioris,
371 2418 440 2474 erat
461 2431 582 2477 nomen
605 2410 751 2495 Carolus,
786 2408 922 2475 alterius
943 2408 1174 2477 Ferdinandus
1207 2419 1240 2476 et
1268 2410 1357 2478 filiae

56 2515 170 2584 Maria.
194 2516 340 2600 Quorum
362 2517 503 2583 filiorum
524 2538 618 2600 unus,
642 2536 761 2605 nempe
780 2514 927 2600 Carolus,
950 2523 1024 2604 post
1046 2522 1183 2599 montom
1217 2517 1272 2583 avi
1307 2522 1359 2588 sui

54 2619 274 2688 Maximiliani
308 2630 340 2688 et
362 2622 464 2712 patris
487 2620 538 2686 sui
558 2612 860 2709 Phihppi'electus
881 2620 943 2688 fuit
960 2622 995 2687 in
1010 2623 1252 2710 imperatorem,
1273 2623 1352 2690 Fer·

52 2726 218 2794 dinandus
255 2750 332 2795 vero
370 2727 609 2817 suprascriptus
641 2727 677 2792 in
709 2725 918 2811 archiducem
954 2727 1119 2812 Ausuiae,
1134 2754 1136 2759 ·
1153 2736 1185 2794 et
1222 2728 1357 2795 tandem

53 2833 118 2899 hoc
139 2840 285 2921 tempore
306 2834 341 2899 in
364 2854 474 2921 regern
498 2831 692 2917 Bohemiae3
728 2830 834 2898 Maria
865 2852 944 2897 vero
978 2831 1053 2898 data
1074 2831 1136 2898 fuit
1155 2833 1192 2897 in
1221 2856 1358 2900 uxorem

55 2939 128 3024 regi
148 2937 338 3024 Hungariae
361 2946 393 3002 et
414 2936 594 3002 Bohemiae
616 2933 797 3019 Ludovico,
829 2934 958 3023 dequo
983 2937 1261 3025 suprascriptum
1287 2939 1356 3006 fnit

54 3044 129 3109 Rex
164 3038 286 3129 itaque'
307 3040 496 3108 Ludovicus
526 3039 641 3106 habuit
663 3061 808 3106 sororem
841 3039 1030 3107 archiduois
1073 3040 1287 3127 Ferdinandi,
1326 3051 1360 3110 et

57 3148 129 3214 dux
150 3145 379 3213 Ferdinandus
409 3145 523 3213 habuit
545 3144 635 3211 illius
656 3145 773 3211 iterum
796 3147 963 3235 propriam
986 3166 1130 3211 sororem
1154 3147 1190 3211 in
1211 3168 1359 3214 uxorem.

54 3253 109 3319 De
131 3251 194 3318 hoc
215 3249 346 3318 domino
377 3259 410 3316 11
431 3272 510 3336 rege
530 3249 742 3316 Ferdinando
764 3250 852 3316 fama
873 3250 944 3334 fuit,
978 3272 1052 3316 eum
1075 3272 1148 3316 esse
1179 3261 1358 3318 amatorem

49 3357 210 3445 justitiae,
232 3356 385 3443 injuriam
407 3355 482 3421 odio
504 3353 641 3432 habens,
664 3354 804 3443 ideoque
825 3356 935 3421 multis
952 3354 1106 3421 Bohemis
1129 3377 1229 3441 grave
1257 3378 1357 3444 appa·

54 3461 151 3528 rebat
172 3461 214 3527 de
235 3459 292 3526 illo
315 3460 428 3526 audire
451 3461 642 3549 praesertim
663 3459 739 3544 illis,
764 3461 820 3547 qui
836 3460 998 3547 justitiam
1035 3468 1067 3525 et
1089 3469 1355 3527 omnemrectum

56 3564 206 3634 ordinem
229 3566 375 3648 oderant,
402 3564 495 3631 bonis
517 3586 607 3648 vero,
637 3564 702 3652 piis
725 3572 757 3629 et
774 3565 936 3653 justitiam
959 3563 1142 3631 amantibus
1165 3564 1263 3632 valde
1285 3588 1359 3653 gra·

56 3686 108 3741 tue
140 3674 256 3759 fuerat,
292 3675 367 3763 quia
395 3675 466 3763 jam
488 3670 581 3738 multi
605 3672 713 3761 capita
736 3694 794 3739 sua
815 3672 927 3739 levare
947 3675 1007 3739 vix
1027 3680 1187 3762 poterant,
1221 3679 1355 3760 propter

55 3780 191 3846 nimiam
228 3779 420 3867 injustitiam
448 3776 589 3861 illorum,
627 3778 684 3866 qui
705 3785 900 3866 potestatem
929 3779 964 3844 in
988 3800 1023 3843 se
1045 3779 1221 3861 habebant,
1262 3774 1358 3841 multi

58 3887 147 3951 1111111
170 3885 292 3949 assueti
314 3883 443 3949 fuerant
493 3893 525 3948 et
552 3881 784 3949 desiderabant
814 3884 981 3949 dominum
1008 3885 1130 3951 habere
1154 3884 1263 3969 talem,
1301 3883 1358 3970 qui

57 3987 132 4056 illos
154 3990 201 4055 ita
222 3998 316 4074 regat
348 3996 381 4053 et
402 3987 436 4052 id
458 3987 601 4072 mandet,
632 3996 668 4054 ut
689 3987 771 4053 illud
792 4010 890 4076 agere
912 3990 1048 4077 possint,
1080 3988 1211 4077 quando
1244 3989 1358 4075 velint,

56 4093 185 4182 absque
207 4095 296 4160 omni
317 4092 560 4182 impedimento,
593 4102 625 4160 et
645 4102 682 4158 ut
704 4102 829 4159 tanturn
851 4095 940 4181 ragis
963 4092 1090 4160 titulum
1122 4094 1250 4177 habeat,
1288 4096 1360 4160 sine

55 4200 144 4264 omni
156 4206 315 4286 potestate
328 4199 552 4284 etactivitate3
576 4220 651 4263 nam
673 4197 731 4263 tali
753 4197 849 4263 modo
872 4221 1009 4287 regnum
1025 4198 1201 4265 Bobemiae
1223 4200 1360 4265 nimium

53 4303 142 4369 lame
159 4304 306 4391 justitiae
337 4316 563 4390 consumptum
597 4313 629 4368 et
664 4302 868 4369 debilitatum
905 4304 974 4370 fuit
1012 4304 1100 4371 Huic
1135 4306 1246 4393 itaque
1289 4307 1362 4389 regi

54 4419 89 4475 et
122 4409 253 4475 domino
276 4408 368 4473 Deus
391 4408 562 4491 concessit,
596 4416 633 4474 ut
655 4417 761 4494 gestet
790 4430 903 4475 ensem
925 4408 968 4474 ad
995 4408 1125 4475 laudem
1143 4411 1305 4497 justorum
1328 4417 1361 4473 11

54 4514 236 4582 vindictam
271 4513 438 4579 hominum
461 4535 700 4601 perversorum.
738 4513 811 4579 Hac
848 4515 946 4579 etiam
969 4514 1023 4580 die
1053 4514 1209 4580 Mercurii
1244 4534 1356 4601 supra·

55 4621 180 4707 scripta
200 4618 302 4685 frater
323 4618 464 4683 Mathias
488 4618 622 4685 eremita
643 4620 811 4707 hucusque
834 4640 965 4685 carcere
989 4618 1139 4686 detentus
1161 4642 1182 4685 a
1207 4618 1355 4704 Pragen-

57 4724 160 4808 sibus,
191 4723 234 4793 ab
256 4723 373 4793 iisdem
395 4722 549 4790 dimissus
571 4723 633 4791 fuit
653 4745 697 4790 ex
718 4723 777 4790 illa
798 4725 986 4814 captivitate
1008 4723 1074 4792 hac
1093 4722 1306 4802 conditione,
1324 4731 1373 4782 xo.
