2948 5040
1283 145 1356 219 2149

55 313 238 397 clericalis:
261 319 380 396 metuo,
403 333 445 379 ne
470 313 540 381 sitis
562 313 619 381 illa
641 316 806 400 meretrix,
831 337 928 405 quam
950 314 1035 383 vidit
1056 326 1188 389 sanctus
1209 319 1355 399 Joannas

54 421 251 487 inebriatam
282 419 442 505 sanguine
478 427 662 485 sanctorum
698 428 730 485 et
764 429 946 509 martyrum
964 420 1045 489 Jesu
1066 423 1199 508 Christi,
1237 447 1354 493 manus

57 527 148 590 enim
171 523 307 589 Vestrae
329 531 488 611 apparent
508 522 626 610 plenae
649 516 807 610 sanguine
828 524 973 591 fidelium
996 535 1029 592 et
1049 529 1273 601 innocentium
1295 531 1353 598 ho·

58 630 196 696 minum.
232 625 372 714 Impleta
400 637 449 691 ost
483 628 580 723 etiam
604 627 764 715 scriptura
792 630 832 695 in*
855 629 1085 717 Pragensibus,
1123 655 1167 699 ex
1188 631 1222 700 S.
1244 635 1348 703 Paulo

54 732 204 822 apostolo
239 731 282 799 ad
303 729 611 797 Thessalonicenses
638 731 680 796 Π.
697 733 728 800 2.
752 754 841 820 cap:
876 734 963 815 Quia
991 735 1181 802 charitatem
1211 739 1349 805 et'veri·
1425 752 1428 759 '

53 846 157 904 tatem
178 857 245 901 non
267 843 487 925 susceperunt,
511 845 547 901 ut
569 833 745 927 salventur,
780 841 869 907 misit
891 841 938 905 eis
960 839 1242 909 Deusauthorem
1264 864 1350 909 erro·

54 963 139 1025 rum,
161 949 198 1005 ut
220 939 355 1007 credant
376 939 556 1006 mendaciis
590 949 624 1006 et
645 943 902 1011 condemnentur
923 965 1046 1021 omnes,
1078 945 1134 1031 qui
1155 944 1347 1013 invidebant

31 1047 187 1143 veritati
218 1052 250 1110 et
270 1046 444 1134 injustitias
468 1045 676 1133 quaerebant
709 1048 753 1115 Et
773 1049 836 1116 hoc
858 1048 932 1117 ideo
953 1036 1156 1132 factumest,
1181 1049 1257 1137 quia
1278 1073 1350 1137 gra·

37 1152 228 1223 'titudinem
249 1173 315 1223 non
344 1148 560 1216 exhibuerunt
579 1151 755 1237 magistris,
786 1151 972 1220 doctoribus
1002 1173 1042 1218 ao
1062 1151 1208 1219 veritatis
1219 1154 1347 1241 praedi·
1435 1220 1440 1231 ,

55 1257 245 1347 catoribus,¹
263 1257 319 1344 qui
329 1254 395 1320 illis
410 1254 580 1321 veritatem
593 1267 813 1346 exposuerunt
842 1256 1164 1346 et'praodioaverunt
1188 1256 1229 1323 ds
1240 1279 1352 1325 amore

54 1372 90 1431 et
111 1361 216 1450 gratia
237 1361 317 1445 Dei3
349 1369 381 1425 et
401 1359 476 1426 ideo
498 1383 559 1427 vos
580 1363 673 1428 Deus
695 1363 742 1427 eis
764 1363 854 1427 misit
875 1383 919 1427 ex
940 1363 989 1426 ira
1005 1383 1071 1444 sua,
1096 1360 1251 1432 docentes
1267 1385 1352 1440 erro·

57 1491 113 1535 res
137 1475 170 1559 et
189 1463 346 1531 falsitates
372 1462 749 1549 Antichristi,.doctores
774 1474 807 1531 et
826 1465 926 1531 falsos
948 1464 1134 1552 prophetas,
1160 1474 1197 1532 ιιι
1220 1465 1352 1533 eosdem

57 1571 229 1641 deducatis
251 1569 286 1633 in
308 1567 523 1656 perditionem
550 1578 583 1634 et
604 1569 854 1635 damnationem.
888 1569 997 1647 Etiam
1019 1568 1077 1659 illa
1096 1569 1180 1635 actio
1203 1569 1245 1636 de
1268 1593 1354 1637 eom·

55 1675 197 1767 pactatis
217 1673 364 1738 instituta
390 1671 451 1737 fuit
471 1672 575 1759 primo
598 1696 658 1761 per
679 1696 738 1739 vos
759 1665 943 1760 Pragenses
958 1671 1121 1760 praelatos
1148 1658 1351 1769 episcopales

61 1791 94 1853 et
118 1778 252 1869 papales
286 1775 347 1841 sub
368 1777 498 1841 nomine
519 1777 610 1864 regio
634 1776 865 1845 auxiliantibus
889 1777 985 1853 etiam
998 1766 1352 1866 quibusdampersonis

56 1881 258 1957 notabilibus
292 1889 324 1946 et
349 1880 535 1967 potentibus
557 1880 797 1968 hujusmundi,
820 1883 876 1969 qui
888 1881 929 1948 ob
945 1881 1211 1969 haecpraemiari
1223 1880 1353 1958 debent,

57 1999 91 2057 et
111 1989 194 2055 forte
210 1983 340 2075 eisdem
361 1987 522 2074 promissa
540 1984 670 2051 fuerunt
700 1986 786 2050 dona
807 1985 972 2069 notabilia,
996 1987 1024 2051 si
1046 1987 1128 2053 haec
1138 1984 1354 2074 perfecerint3

56 2080 194 2183 quidam
229 2094 326 2158 etiam
362 2090 473 2156 officia
493 2089 631 2155 honesta
660 2090 821 2176 speranda
849 2089 1041 2160 habuerunt.
1077 2091 1195 2159 Judico
1232 2099 1350 2171 autem,

58 2199 215 2283 magister
237 2196 341 2280 Galle,
365 2194 425 2260 tibi
447 2193 606 2282 quaedam
627 2195 788 2282 promissa
808 2194 918 2278 fuisse,
942 2204 977 2259 tu
999 2194 1129 2283 quidem
1152 2203 1188 2259 ut
1209 2192 1350 2281 recipias

62 2301 168 2381 lorum
187 2299 228 2366 de
251 2301 313 2366 hac
327 2299 422 2388 pelle,
446 2297 669 2364 etKorambus
692 2298 838 2381 caudam,
861 2301 889 2363 si
912 2321 989 2384 ergo.
1011 2300 1072 2366 tibi
1092 2299 1260 2366 advenerit
1271 2297 1355 2383 epis·

65 2413 200 2495 copatus,
222 2415 254 2471 et
274 2403 440 2470 Korambo
473 2403 613 2486 abbatia,
635 2402 754 2469 Jacobi
775 2403 871 2468 etiam
893 2402 1096 2470 auxiliatoris
1120 2403 1221 2469 vestri
1245 2423 1356 2468 recor-

62 2508 195 2575 demini.
218 2507 366 2577 Credunt
385 2507 533 2573 homines
556 2506 607 2573 his
630 2506 802 2586 derebus,
825 2508 867 2574 ob
894 2508 953 2575 has
976 2506 1350 2577 causasVosvereilla

56 2613 235 2704 appetiisse
265 2622 298 2678 et
327 2612 433 2699 egisse
454 2613 490 2677 in
513 2633 611 2679 causa
633 2620 908 2700 compactatorum
931 2622 963 2679 et
984 2614 1114 2680 unionis
1137 2635 1211 2680 oum
1231 2611 1349 2677 Roma·

57 2722 113 2786 nis
135 2720 222 2784 inter
241 2726 367 2808 partem
390 2717 450 2782 sub
472 2725 618 2805 utraque,
642 2717 809 2801 attendite,
831 2741 873 2783 ne
895 2740 955 2784 vos
978 2717 1146 2796 seducant,
1169 2726 1202 2782 et
1222 2738 1264 2780 ne
1291 2737 1350 2782 vo·

54 2825 164 2890 lentes
186 2825 221 2887 in
245 2823 345 2888 altum
368 2820 546 2904 sublimari,
578 2822 708 2895 interim
730 2824 764 2887 in
786 2822 948 2910 profundo
973 2832 1005 2888 et
1027 2822 1156 2911 abjecto
1190 2821 1261 2886 loeo
1283 2819 1352 2885 Vos

56 2928 230 3011 collocent,
265 2927 349 2992 siout
376 2926 498 2991 facturn
527 2925 588 2990 fuit
608 2925 763 2996 Lucifero
801 2936 833 2991 et
863 2925 989 3013 angelis
1025 2928 1105 3014 ejus.
1143 2925 1235 2990 Deus
1266 2924 1354 2989 enim

58 3057 191 3125 semper
214 3057 234 3101 a
255 3035 417 3122 principio
439 3032 554 3099 mundi
587 3030 736 3120 superbis
757 3030 885 3114 restitit,
924 3029 1058 3118 deponit
1091 3030 1179 3101 enim
1205 3035 1354 3115 potentes

58 3142 102 3208 de
127 3142 206 3206 sede
238 3149 270 3207 et
292 3140 451 3223 exaltavit
473 3136 623 3203 humiles.
646 3137 701 3202 De
723 3133 786 3201 hoc
807 3145 915 3201 autem
937 3157 1098 3201 consensu
1121 3142 1154 3198 et
1174 3142 1249 3198 actu
1271 3152 1356 3217 eom·

57 3253 262 3334 paetatorum
283 3244 366 3309 haec
389 3242 497 3324 credo,
538 3240 625 3329 quod
646 3240 702 3306 illa
724 3249 790 3304 tam
806 3240 907 3307 ¹lirrna
940 3250 973 3304 et
996 3239 1126 3307 stabilia
1147 3241 1255 3307 futura
1278 3241 1353 3316 sint,

62 3352 147 3416 sicut
168 3356 360 3415 araneorum
383 3348 467 3414 telae
489 3348 523 3425 in
545 3368 621 3411 aere
652 3354 684 3410 et
707 3366 822 3433 spuma
833 3347 868 3410 in
879 3368 972 3434 aqua.
993 3345 1038 3410 Et
1049 3345 1110 3411 hoo
1122 3346 1179 3412 illa
1195 3346 1236 3410 de
1252 3367 1352 3410 causa

61 3453 146 3536 dico,
180 3454 256 3541 quia
277 3461 476 3518 contractum
498 3452 534 3514 in
557 3450 696 3515 comitiis
717 3449 899 3516 voluntarie
929 3458 961 3514 et
988 3449 1091 3516 libere
1121 3450 1354 3528 confirmatum,

62 3558 105 3624 ab
128 3558 278 3625 omnihus
302 3555 438 3623 statibus
461 3544 684 3644 approbatum,
718 3563 784 3618 tam
806 3555 919 3621 utilem
942 3563 974 3621 et
995 3557 1216 3621 necessarium
1239 3578 1352 3623 secun·

62 3665 141 3730 dum
176 3664 282 3750 legem
311 3663 386 3746 Dei,
419 3684 526 3750 neque
554 3683 613 3749 per
641 3681 742 3725 unum
770 3661 849 3724 anni
878 3659 1090 3748 quadrantem
1124 3661 1352 3745 conservastis,

63 3790 126 3832 nee
159 3789 218 3832 vos
247 3766 345 3851 juxta
373 3765 644 3854 illum'gessistis,
677 3764 736 3829 sed
758 3764 867 3829 omnia
898 3767 933 3829 in
966 3762 1103 3830 nihilum
1135 3767 1349 3847 convertistis,

59 3880 229 3960 praeterea
259 3894 332 3937 cum
354 3871 435 3936 haee
457 3872 590 3937 comitia
612 3891 685 3934 cum
708 3872 919 3956 compactatis
952 3878 1064 3958 aperte
1101 3872 1250 3957 opposita
1290 3872 1355 3935 sint

61 3977 127 4062 legi
150 3976 281 4041 divinae
304 3984 336 4040 et
359 3976 539 4062 scripturae
572 3974 693 4042 Christi
718 3996 841 4056 sacrae,
873 3982 906 4039 et
930 3983 1116 4040 contractus
1137 3974 1195 4041 ille
1224 3984 1355 4040 coaetus

60 4081 169 4163 luerit,
203 4079 352 4146 omnibus
376 4080 472 4144 etiam
495 4078 632 4144 statibus
656 4079 716 4144 sub
740 4088 876 4166 utraque
900 4081 1010 4165 specie
1039 4080 1201 4144 contraria
1246 4088 1278 4144 et
1300 4081 1355 4144 in-

17 4192 26 4234 f
62 4195 166 4272 grata,
190 4186 380 4272 praesertim
402 4183 520 4272 populo
543 4184 576 4247 in
600 4183 788 4249 civitatibus
810 4193 843 4249 ct
866 4184 1087 4249 communitati
1109 4183 1223 4249 odiosa
1235 4193 1266 4249 et
1279 4207 1354 4271 per-

65 4291 214 4374 niciosa3
237 4311 313 4369 nam
336 4288 386 4352 his
410 4288 620 4374 compactatis
643 4310 701 4374 pro
723 4288 786 4353 hoc
808 4296 953 4375 tempore
976 4309 1057 4374 opus
1080 4309 1146 4353 non
1168 4297 1226 4372 est,
1259 4297 1356 4375 prout

60 4395 132 4459 dixi
154 4395 188 4459 in
210 4394 423 4459 instrumento
456 4400 568 4456 contra
601 4400 803 4478 compactata
831 4391 918 4463 facto
963 4400 996 4456 et
1022 4405 1170 4478 porrecto
1201 4392 1352 4458 omnibus

60 4497 165 4575 tribus
189 4496 325 4563 statibus
347 4498 382 4560 in
404 4518 505 4582 regno
528 4496 705 4561 Bohemiao
729 4495 788 4561 sub
811 4506 947 4584 utraque
970 4496 1080 4583 specie
1115 4505 1352 4561 sacramentum

61 4603 207 4691 corporis
240 4610 272 4668 et
305 4600 471 4688 sanguinis
494 4601 630 4666 Domini
665 4600 768 4665 nostri
789 4600 868 4666 Jesu
884 4599 1005 4666 Ohristi
1037 4599 1248 4665 sumentibus.
1283 4599 1355 4665 Lex

62 4709 150 4775 enim
172 4706 285 4773 divina
307 4716 339 4774 et
360 4714 588 4805 testamentum
608 4705 729 4772 Christi
750 4728 810 4781 nos
833 4729 906 4771 oum
929 4705 1102 4772 Germanis
1118 4705 1151 4769 in
1173 4704 1359 4790 perfectam
