2948 5040
132 152 195 231 l!

74 410 76 415 ¹
122 334 223 421 igitur
238 330 407 399 Ciceronis
430 329 589 396 sententia
597 327 639 394 de
651 325 708 394 illo
723 327 790 394 dici
811 320 915 416 potuit
934 327 969 392 in
991 325 1287 396 libroofficiorum:
1310 323 1427 416 (iujus-

123 440 202 508 libet
223 440 294 507 laus
316 437 443 527 virtutis
464 439 499 503 in
522 435 686 524 operando
720 437 876 503 consistit
925 435 970 500 Et
999 434 1098 501 alibi:
1122 432 1228 501 Omne
1267 433 1428 521 injustum

123 546 220 633 quasi
239 544 300 610 flos
322 542 455 609 decidit.
476 542 564 607 Dum
588 542 675 607 enim
696 562 775 608 vcra
796 540 866 607 laus
888 541 929 606 de
953 541 1072 606 virtute
1094 532 1159 605 noir
1182 536 1342 626 procedit,
1365 536 1426 604 dif-

122 649 250 717 ficulter
272 648 328 714 diu
350 648 468 714 durare
489 653 604 734 potest.
663 644 886 733 Quaecunque
909 644 950 710 de
972 644 1028 710 illo
1050 644 1105 709 hio
1126 640 1321 725 scribuntur,
1344 640 1427 711 haec

122 754 244 843 pariter
265 751 307 818 de
329 751 478 841 ejusdem
500 749 751 816 adhaerentibus
773 749 840 816 dici
861 757 1005 837 possunt
1036 746 1139 837 (lujus
1160 747 1301 834 vestigia
1324 748 1425 812 etiam

123 866 252 926 secutus
273 855 335 922 fuit
357 855 450 922 homo
473 853 528 921 illc
550 876 723 941 perversus
746 853 860 922 Gallus
882 851 1028 919 (lnahera
1050 851 1300 937 administrator,
1324 859 1361 919 et
1381 853 1425 919 ita

124 960 294 1051 processit,
325 959 438 1026 volens
467 960 636 1046 acquirere
657 961 888 1047 episcopatum,
921 965 1030 1023 mente
1061 958 1208 1026 turbatus
1240 959 1327 1023 sieut
1359 957 1423 1042 ille,

119 1065 274 1154 judicans
296 1063 514 1151 adulationem
537 1063 643 1129 cidem
665 1064 821 1152 majorem
850 1062 990 1129 hactum
1018 1063 1220 1152 corporalem
1239 1061 1422 1148 allaturam,

124 1191 220 1256 quam
242 1191 354 1236 sacrae
378 1169 555 1257 scripturae
570 1167 751 1235 lectionem.
784 1167 886 1234 Totus
907 1169 1060 1234 incensus
1083 1167 1144 1234 fuit
1166 1166 1324 1256 cupidine
1345 1189 1429 1233 vana

126 1274 303 1342 evectionis
317 1271 522 1355 honorificae,
546 1272 712 1356 avaritiae,
732 1269 912 1359 superbiae,
942 1272 1092 1339 adulterii
1113 1280 1146 1338 et
1168 1271 1304 1339 aliarum
1320 1293 1428 1338 rerum

125 1377 353 1460 indebitarum,
399 1375 537 1464 ideoque
573 1384 639 1440 tam
672 1376 892 1443 intolerabiles
925 1376 1117 1443 afflictiones
1148 1385 1180 1442 et
1219 1375 1427 1442 crudelitates

128 1481 313 1551 hominibus
335 1482 496 1570 imposuit,
510 1490 542 1547 et
554 1480 690 1547 Lntheri
711 1480 863 1568 dogmata
875 1505 1000 1549 summe
1013 1481 1200 1566 dilaudavit,
1211 1481 1430 1548 Bohemornm

125 1588 243 1654 multos
267 1585 396 1652 seduxit
418 1596 450 1652 et
470 1588 505 1652 in
526 1585 591 1652 illis
614 1586 825 1670 confirmavit,
859 1587 989 1653 tandmn
1019 1609 1097 1654 vero
1119 1588 1207 1653 omni
1242 1585 1344 1652 mode
1375 1585 1428 1651 ho

125 1694 231 1759 mines
245 1692 416 1780 oppressit,
437 1698 534 1778 atque
549 1691 666 1756 iterum
678 1691 797 1778 dogma
819 1690 899 1756 illud
933 1706 965 1756 et
996 1689 1104 1777 legem
1119 1688 1240 1769 Christi
1262 1699 1429 1778 centemp-

131 1798 181 1863 sit.
223 1796 295 1862 Nec
316 1816 459 1882 unquam
480 1794 625 1879 auditum
649 1794 708 1861 luit
730 1793 771 1860 de
793 1795 902 1883 aliquo
924 1795 981 1862 tali
1003 1797 1141 1881 homine,
1163 1820 1229 1864 non
1252 1796 1362 1863 solum
1388 1794 1427 1860 de

99 1904 101 1909 ’
129 1901 266 1986 clericis,
289 1922 403 1967 verum
424 1922 487 1965 nec
510 1899 551 1964 de
572 1898 675 1983 laicis,
699 1901 734 1965 in
757 1922 858 1988 regno
874 1901 1059 1985 Bohemiae,
1083 1909 1139 1967 aut
1159 1901 1232 1968 aliis
1253 1900 1348 1985 locis,
1373 1900 1425 1988 qui

127 2006 202 2076 talis
224 2005 379 2071 audaciae
400 2005 523 2082 fuisset,
555 2006 638 2071 sicut
660 2005 755 2071 hemo
785 2005 840 2071 ille
860 2005 930 2089 fuit,
970 2008 1024 2094 qui
1056 2007 1091 2072 in
1125 2004 1340 2074 concionibus
1364 2005 1427 2095 suis

130 2112 259 2200 saepius
282 2119 347 2176 tam
378 2111 514 2199 turpiter
536 2111 714 2197 morigeros
747 2132 787 2175 ac
820 2109 973 2176 honestos
1009 2111 1173 2195 homines,
1208 2112 1431 2199 cujuscunque

124 2210 232 2281 ¹status
255 2215 325 2280 sine
348 2215 540 2302 exceptione
562 2223 783 2280 contemneret
805 2224 837 2279 et
859 2216 1062 2303 opprimeret,
1092 2215 1278 2304 proditoriis
1301 2224 1338 2281 et
1364 2213 1431 2281 aliis

125 2317 235 2387 verbis
256 2319 364 2385 noxiis
385 2320 540 2402 afficeret,
564 2318 651 2406 quod
668 2318 872 2384 admirationi
883 2319 991 2386 multis
1015 2321 1144 2409 saepius
1164 2320 1291 2401 fuerat3
1324 2321 1428 2388 nullus

127 2426 214 2492 enim
236 2424 327 2491 illum
354 2427 388 2490 in
411 2425 462 2491 his
470 2422 641 2513 impedivit
662 2423 703 2489 de
724 2425 805 2507 istis,
828 2423 1014 2512 quibuspro
1037 2427 1281 2493 conservatione
1292 2426 1389 2514 pacis
1400 2435 1427 2491 et

127 2529 351 2596 imminutione
373 2529 440 2596 odii
461 2530 497 2595 id
519 2551 618 2617 agero
655 2529 863 2618 pertinuisset
895 2538 928 2594 et
962 2531 1175 2596 convenisset
1237 2529 1305 2596 Sed
1339 2532 1424 2621 juxta

128 2633 353 2726 proverbium:
383 2635 439 2724 qui
461 2643 555 2720 tacet,
578 2637 762 2703 consentire
783 2636 921 2703 videtur.

659 2790 806 2860 CAPUT
841 2793 891 2861 15.
1001 2827 1005 2835 ‚

127 2976 165 3036 In
187 2990 248 3058 quo
269 2971 384 3032 mentio
404 2972 439 3031 fit
475 2974 512 3033 de
534 2975 661 3051 quodam
683 2973 776 3033 tratre
798 2973 923 3049 Mathia,
945 2974 1072 3033 habente
1094 2972 1231 3051 spiritum
1257 2969 1359 3046 Elias,
1381 2967 1430 3053 qni

129 3062 252 3125 audiens
276 3062 314 3119 de
342 3062 453 3138 populo
473 3060 593 3138 Pragae
622 3063 745 3122 seducto
777 3062 914 3135 advenit,
946 3063 1027 3139 piatn
1057 3070 1086 3120 et
1118 3061 1282 3120 virtuosam
1315 3059 1427 3118 ducens

129 3151 233 3226 vitam,
255 3146 334 3208 alios
355 3148 468 3226 pariter
490 3149 528 3206 ad
549 3149 627 3209 hanc
649 3148 808 3228 persuasit,
840 3158 870 3207 61
899 3151 1025 3209 verbum
1046 3149 1107 3207 Dei
1128 3147 1279 3207 ferventer
1308 3142 1427 3223 praedi·

128 3236 222 3311 cavit3
243 3234 296 3296 ubi
317 3236 437 3294 tandem
462 3233 598 3294 diabolus
628 3256 681 3313 per
713 3255 782 3296 suos
812 3253 954 3319 sequaces
993 3237 1155 3296 conabatur
1188 3243 1217 3295 et
1238 3232 1319 3293 omni
1341 3232 1429 3293 modo

387 3322 531 3397 tentabat,
554 3329 588 3383 ut
611 3324 707 3383 eidem
730 3323 938 3401 impedimento
961 3340 1027 3383 esse
1047 3323 1153 3402 possit.

217 3473 263 3542 Ut
284 3480 392 3539 autem
413 3481 559 3539 revertar
588 3473 743 3557 adhaec,
775 3474 863 3540 unde
895 3475 1060 3562 digressus
1083 3494 1163 3559 sum,
1201 3470 1244 3538 ad
1271 3470 1424 3537 correcti·

131 3602 227 3673 qnam
250 3599 368 3665 nempe
391 3586 423 3643 et
444 3580 702 3664 revocationem
726 3579 802 3645 dum
823 3579 1015 3649 afflictiones
1051 3588 1160 3646 tantae
1197 3586 1229 3643 et
1250 3597 1426 3643 aerumnae

133 3691 204 3756 sine
233 3685 474 3752 intermissione
509 3706 637 3772 semper
668 3685 772 3771 magis
805 3695 1011 3772 augerentur,
1045 3683 1209 3752 condoluit
1241 3681 1366 3772 populo
1399 3687 1431 3745 et

130 3789 353 3859 misericordia
374 3788 490 3854 duetus
512 3788 573 3854 luit
605 3787 736 3876 quidam
769 3788 869 3856 frater
890 3790 1029 3855 Mathias
1056 3792 1101 3855 ita
1138 3789 1332 3869 nominatus,
1364 3805 1430 3852 ere

131 3898 212 3965 mita
245 3895 381 3987 ordinis·
401 3893 557 3982 simplicis
593 3915 632 3958 ac
665 3895 915 3978 constitutionis,
948 3917 988 3960 ac
1025 3894 1145 3983 opificii
1178 3893 1229 3957 sui
1266 3890 1431 3980 qnondam

130 4000 239 4091 pollio,
267 3999 374 4088 patria
395 3997 592 4080 Zatecensis,
615 4005 780 4063 tonsuram
801 3999 980 4064 Romanam
1012 4000 1047 4064 in
1069 4000 1177 4087 capite
1197 4019 1263 4062 non
1296 3994 1432 4093 hahens,

131 4109 186 4200 qui
209 4107 268 4174 sub
290 4105 355 4172 illis
378 4106 542 4193 perversis
564 4105 764 4194 temporibus
786 4129 845 4194 pro
868 4115 946 4172 tunc
967 4107 1092 4192 Pragae
1114 4103 1226 4181 adfuit,
1248 4099 1326 4166 dum
1354 4099 1432 4166 talia

129 4213 216 4281 mala
237 4211 362 4295 fierent,
387 4220 419 4275 et
440 4210 529 4296 prius
551 4218 626 4275 ante
648 4210 790 4298 quinque
805 4220 860 4277 aut
882 4234 942 4278 sex
964 4233 1065 4277 annos
1080 4211 1115 4274 in
1131 4229 1239 4275 eremo
1269 4205 1431 4289 habitans,

130 4319 257 4407 aliquot
278 4317 372 4382 annis
396 4315 498 4381 vitam
521 4313 614 4381 duxit
635 4314 707 4381 Deo
731 4325 856 4401 gratam
879 4326 911 4382 et
932 4319 1030 4404 piam,
1052 4313 1183 4379 tandem
1207 4334 1249 4378 ex
1271 4309 1430 4377 liberast

130 4424 217 4491 hona
237 4422 404 4490 voluntate
426 4442 465 4486 ac
486 4421 604 4485 mentis
627 4437 705 4486 suae
726 4422 865 4488 ferventi
888 4421 1060 4504 desiderio,
1082 4417 1178 4484 simul
1200 4414 1241 4481 de
1272 4415 1427 4481 instinctu

131 4530 263 4619 spiritus
284 4525 378 4592 hiliae
399 4532 532 4614 propter
545 4523 662 4591 multas
685 4525 851 4593 hominum
866 4527 1053 4615 iniquitates
1089 4522 1289 4593 conscientia
1311 4520 1426 4588 ductus

129 4632 336 4700 acanimatus
350 4631 491 4720 propria,
504 4627 646 4716 Pragam
669 4651 705 4695 se
720 4630 826 4698 denuo
842 4632 987 4697 contulit.
1010 4630 1075 4698 Hic
1096 4625 1233 4695 verbum
1254 4625 1320 4691 Dei
1341 4645 1431 4714 prae·

125 4735 239 4804 dicare
260 4736 370 4824 coepit
390 4738 518 4805 sincere
554 4735 867 4824 secundnmlegem
897 4736 1052 4822 divinam,
1079 4741 1222 4824 vpeccata
1258 4738 1291 4796 et
1323 4728 1430 4797 varias
