<?xml version="1.0" encoding="UTF-8"?>
<!DOCTYPE html PUBLIC "-//W3C//DTD XHTML 1.0 Transitional//EN"
    "http://www.w3.org/TR/xhtml1/DTD/xhtml1-transitional.dtd">
<html xmlns="http://www.w3.org/1999/xhtml" xml:lang="en" lang="en">
 <head>
  <title>
</title>
<meta http-equiv="Content-Type" content="text/html;charset=utf-8" />
  <meta name='ocr-system' content='tesseract 3.04.00' />
  <meta name='ocr-capabilities' content='ocr_page ocr_carea ocr_par ocr_line ocrx_word'/>
</head>
<body>
  <div class='ocr_page' id='page_1' title='image "./desbartholomusv00bartgoog_0133.png"; bbox 0 0 2948 5040; ppageno 0'>
   <div class='ocr_carea' id='block_1_1' title="bbox 133 168 326 263">
    <p class='ocr_par' dir='ltr' id='par_1_1' title="bbox 133 168 326 263">
     <span class='ocr_line' id='line_1_1' title="bbox 133 168 326 263; baseline -0.005 1"><span class='ocrx_word' id='word_1_1' title='bbox 133 168 197 245; x_wconf 77' lang='lat'>11⁰</span> <span class='ocrx_word' id='word_1_2' title='bbox 321 254 326 263; x_wconf 91' lang='lat'>.</span> 
     </span>
    </p>
   </div>
   <div class='ocr_carea' id='block_1_2' title="bbox 26 346 1452 3984">
    <p class='ocr_par' dir='ltr' id='par_1_2' title="bbox 26 346 1452 3984">
     <span class='ocr_line' id='line_1_2' title="bbox 130 346 1428 437; baseline 0.003 -21"><span class='ocrx_word' id='word_1_3' title='bbox 130 356 164 416; x_wconf 78' lang='lat' dir='ltr'>st</span> <span class='ocrx_word' id='word_1_4' title='bbox 183 349 223 413; x_wconf 87' lang='lat' dir='ltr'>in</span> <span class='ocrx_word' id='word_1_5' title='bbox 242 367 407 431; x_wconf 82' lang='lat' dir='ltr'>nausson,</span> <span class='ocrx_word' id='word_1_6' title='bbox 438 349 532 431; x_wconf 83' lang='lat' dir='ltr'>iram,</span> <span class='ocrx_word' id='word_1_7' title='bbox 570 347 806 432; x_wconf 77' lang='lat' dir='ltr'>contentiones,</span> <span class='ocrx_word' id='word_1_8' title='bbox 841 346 951 417; x_wconf 89' lang='lat' dir='ltr'>odium</span> <span class='ocrx_word' id='word_1_9' title='bbox 987 359 1021 416; x_wconf 89' lang='lat' dir='ltr'>et</span> <span class='ocrx_word' id='word_1_10' title='bbox 1041 349 1107 416; x_wconf 83' lang='lat' dir='ltr'>slis</span> <span class='ocrx_word' id='word_1_11' title='bbox 1138 347 1225 415; x_wconf 82' lang='lat' dir='ltr'>mala</span> <span class='ocrx_word' id='word_1_12' title='bbox 1253 349 1428 437; x_wconf 84' lang='lat' dir='ltr'>perducat,</span> 
     </span>
     <span class='ocr_line' id='line_1_3' title="bbox 130 451 1431 542; baseline 0.003 -24"><span class='ocrx_word' id='word_1_13' title='bbox 130 453 286 542; x_wconf 84' lang='lat' dir='ltr'>primaria</span> <span class='ocrx_word' id='word_1_14' title='bbox 307 451 364 518; x_wconf 90' lang='lat' dir='ltr'>ille</span> <span class='ocrx_word' id='word_1_15' title='bbox 387 474 485 518; x_wconf 80' lang='lat' dir='ltr'>eausa</span> <span class='ocrx_word' id='word_1_16' title='bbox 505 451 567 517; x_wconf 83' lang='lat' dir='ltr'>fuit</span> <span class='ocrx_word' id='word_1_17' title='bbox 596 453 821 518; x_wconf 88' lang='lat' dir='ltr'>concitationis</span> <span class='ocrx_word' id='word_1_18' title='bbox 844 453 934 538; x_wconf 85' lang='lat' dir='ltr'>cleri,</span> <span class='ocrx_word' id='word_1_19' title='bbox 961 473 1173 541; x_wconf 83' lang='lat' dir='ltr'>quaeeunque</span> <span class='ocrx_word' id='word_1_20' title='bbox 1193 452 1322 539; x_wconf 80' lang='lat' dir='ltr'>Pragac</span> <span class='ocrx_word' id='word_1_21' title='bbox 1352 476 1431 522; x_wconf 88' lang='lat' dir='ltr'>con·</span> 
     </span>
     <span class='ocr_line' id='line_1_4' title="bbox 130 543 1432 647; baseline 0.003 -25"><span class='ocrx_word' id='word_1_22' title='bbox 130 558 214 643; x_wconf 83' lang='lat' dir='ltr'>tigit.</span> <span class='ocrx_word' id='word_1_23' title='bbox 260 543 325 637; x_wconf 72' lang='lat' dir='ltr'>Qui</span> <span class='ocrx_word' id='word_1_24' title='bbox 347 579 390 621; x_wconf 86' lang='lat' dir='ltr'>ex</span> <span class='ocrx_word' id='word_1_25' title='bbox 411 555 611 642; x_wconf 83' lang='lat' dir='ltr'>obligatione</span> <span class='ocrx_word' id='word_1_26' title='bbox 634 564 736 621; x_wconf 85' lang='lat' dir='ltr'>status</span> <span class='ocrx_word' id='word_1_27' title='bbox 759 555 1120 624; x_wconf 87' lang='lat' dir='ltr'>clericalis-seeundum</span> <span class='ocrx_word' id='word_1_28' title='bbox 1133 555 1255 622; x_wconf 80' lang='lat' dir='ltr'>Christi</span> <span class='ocrx_word' id='word_1_29' title='bbox 1277 566 1314 623; x_wconf 89' lang='lat' dir='ltr'>et</span> <span class='ocrx_word' id='word_1_30' title='bbox 1333 580 1432 647; x_wconf 86' lang='lat' dir='ltr'>apos·</span> 
     </span>
     <span class='ocr_line' id='line_1_5' title="bbox 130 660 1428 749; baseline 0.001 -21"><span class='ocrx_word' id='word_1_31' title='bbox 130 661 269 729; x_wconf 89' lang='lat' dir='ltr'>telorum</span> <span class='ocrx_word' id='word_1_32' title='bbox 291 663 362 749; x_wconf 91' lang='lat' dir='ltr'>ejus</span> <span class='ocrx_word' id='word_1_33' title='bbox 384 661 620 726; x_wconf 83' lang='lat' dir='ltr'>institutionem</span> <span class='ocrx_word' id='word_1_34' title='bbox 642 660 798 748; x_wconf 90' lang='lat' dir='ltr'>populum</span> <span class='ocrx_word' id='word_1_35' title='bbox 821 661 947 729; x_wconf 87' lang='lat' dir='ltr'>a&#39;malo</span> <span class='ocrx_word' id='word_1_36' title='bbox 970 673 1119 729; x_wconf 91' lang='lat' dir='ltr'>avertere</span> <span class='ocrx_word' id='word_1_37' title='bbox 1152 661 1330 746; x_wconf 77' lang='lat' dir='ltr'>debuisset,</span> <span class='ocrx_word' id='word_1_38' title='bbox 1348 718 1351 723; x_wconf 96' lang='lat'>.</span> <span class='ocrx_word' id='word_1_39' title='bbox 1370 663 1428 729; x_wconf 83' lang='lat' dir='ltr'>ille</span> 
     </span>
     <span class='ocr_line' id='line_1_6' title="bbox 130 761 1432 856; baseline 0.002 -25"><span class='ocrx_word' id='word_1_40' title='bbox 130 764 503 856; x_wconf 80' lang='lat' dir='ltr'>econtrarioincitavit</span> <span class='ocrx_word' id='word_1_41' title='bbox 532 763 574 829; x_wconf 88' lang='lat' dir='ltr'>ad</span> <span class='ocrx_word' id='word_1_42' title='bbox 597 765 764 849; x_wconf 84' lang='lat' dir='ltr'>sanguinis</span> <span class='ocrx_word' id='word_1_43' title='bbox 786 764 1018 850; x_wconf 83' lang='lat' dir='ltr'>profusionem,</span> <span class='ocrx_word' id='word_1_44' title='bbox 1050 761 1241 852; x_wconf 85' lang='lat' dir='ltr'>argumenta</span> <span class='ocrx_word' id='word_1_45' title='bbox 1270 766 1315 831; x_wconf 87' lang='lat' dir='ltr'>ad</span> <span class='ocrx_word' id='word_1_46' title='bbox 1346 767 1432 834; x_wconf 86' lang='lat' dir='ltr'>haec</span> 
     </span>
     <span class='ocr_line' id='line_1_7' title="bbox 130 862 1431 961; baseline 0.001 -26"><span class='ocrx_word' id='word_1_47' title='bbox 130 869 298 961; x_wconf 86' lang='lat' dir='ltr'>proferens</span> <span class='ocrx_word' id='word_1_48' title='bbox 322 890 365 933; x_wconf 85' lang='lat' dir='ltr'>ex</span> <span class='ocrx_word' id='word_1_49' title='bbox 385 869 518 952; x_wconf 91' lang='lat' dir='ltr'>antiquo</span> <span class='ocrx_word' id='word_1_50' title='bbox 541 862 734 933; x_wconf 84' lang='lat' dir='ltr'>testamento</span> <span class='ocrx_word' id='word_1_51' title='bbox 757 866 798 931; x_wconf 86' lang='lat' dir='ltr'>de</span> <span class='ocrx_word' id='word_1_52' title='bbox 819 868 984 953; x_wconf 91' lang='lat' dir='ltr'>vindictis,</span> <span class='ocrx_word' id='word_1_53' title='bbox 1016 879 1113 935; x_wconf 87' lang='lat' dir='ltr'>etex</span> <span class='ocrx_word' id='word_1_54' title='bbox 1146 870 1309 936; x_wconf 87' lang='lat' dir='ltr'>chronicis</span> <span class='ocrx_word' id='word_1_55' title='bbox 1331 874 1431 960; x_wconf 87' lang='lat' dir='ltr'>regni</span> 
     </span>
     <span class='ocr_line' id='line_1_8' title="bbox 128 970 1430 1062; baseline 0.001 -23"><span class='ocrx_word' id='word_1_56' title='bbox 128 972 308 1039; x_wconf 87' lang='lat' dir='ltr'>Bohemiao</span> <span class='ocrx_word' id='word_1_57' title='bbox 330 971 391 1038; x_wconf 93' lang='lat' dir='ltr'>sub</span> <span class='ocrx_word' id='word_1_58' title='bbox 414 972 610 1058; x_wconf 81' lang='lat' dir='ltr'>imperatore</span> <span class='ocrx_word' id='word_1_59' title='bbox 625 970 846 1057; x_wconf 71' lang='lat' dir='ltr'>sigismunde,</span> <span class='ocrx_word' id='word_1_60' title='bbox 871 981 904 1038; x_wconf 90' lang='lat' dir='ltr'>et</span> <span class='ocrx_word' id='word_1_61' title='bbox 924 974 997 1039; x_wconf 86' lang='lat' dir='ltr'>aliis</span> <span class='ocrx_word' id='word_1_62' title='bbox 1022 973 1163 1061; x_wconf 90' lang='lat' dir='ltr'>regibus,</span> <span class='ocrx_word' id='word_1_63' title='bbox 1183 997 1325 1062; x_wconf 85' lang='lat' dir='ltr'>quorum</span> <span class='ocrx_word' id='word_1_64' title='bbox 1350 985 1430 1040; x_wconf 90' lang='lat' dir='ltr'>tem-</span> 
     </span>
     <span class='ocr_line' id='line_1_9' title="bbox 113 1074 1428 1165; baseline -0.001 -19"><span class='ocrx_word' id='word_1_65' title='bbox 113 1098 216 1165; x_wconf 65' lang='lat' dir='ltr'>pore,</span> <span class='ocrx_word' id='word_1_66' title='bbox 240 1085 272 1141; x_wconf 91' lang='lat' dir='ltr'>et</span> <span class='ocrx_word' id='word_1_67' title='bbox 292 1074 359 1141; x_wconf 89' lang='lat' dir='ltr'>illis</span> <span class='ocrx_word' id='word_1_68' title='bbox 381 1076 594 1162; x_wconf 79' lang='lat' dir='ltr'>regnantibus</span> <span class='ocrx_word' id='word_1_69' title='bbox 617 1077 754 1160; x_wconf 89' lang='lat' dir='ltr'>grandia</span> <span class='ocrx_word' id='word_1_70' title='bbox 777 1076 864 1143; x_wconf 87' lang='lat' dir='ltr'>bella</span> <span class='ocrx_word' id='word_1_71' title='bbox 886 1076 1024 1143; x_wconf 85' lang='lat' dir='ltr'>subinde</span> <span class='ocrx_word' id='word_1_72' title='bbox 1046 1077 1303 1145; x_wconf 89' lang='lat' dir='ltr'>interBohemos</span> <span class='ocrx_word' id='word_1_73' title='bbox 1328 1080 1428 1159; x_wconf 86' lang='lat' dir='ltr'>solos,</span> 
     </span>
     <span class='ocr_line' id='line_1_10' title="bbox 128 1179 1427 1269; baseline 0.002 -23"><span class='ocrx_word' id='word_1_74' title='bbox 128 1179 302 1269; x_wconf 88' lang='lat' dir='ltr'>aliquando</span> <span class='ocrx_word' id='word_1_75' title='bbox 327 1203 400 1245; x_wconf 88' lang='lat' dir='ltr'>cum</span> <span class='ocrx_word' id='word_1_76' title='bbox 424 1181 551 1268; x_wconf 89' lang='lat' dir='ltr'>populis</span> <span class='ocrx_word' id='word_1_77' title='bbox 588 1182 703 1261; x_wconf 85' lang='lat' dir='ltr'>alicnis</span> <span class='ocrx_word' id='word_1_78' title='bbox 733 1184 767 1247; x_wconf 92' lang='lat' dir='ltr'>in</span> <span class='ocrx_word' id='word_1_79' title='bbox 789 1181 947 1246; x_wconf 89' lang='lat' dir='ltr'>Bohemia</span> <span class='ocrx_word' id='word_1_80' title='bbox 978 1182 1118 1265; x_wconf 81' lang='lat' dir='ltr'>fuerunt,</span> <span class='ocrx_word' id='word_1_81' title='bbox 1151 1182 1339 1247; x_wconf 86' lang='lat' dir='ltr'>assimilans</span> <span class='ocrx_word' id='word_1_82' title='bbox 1373 1206 1427 1249; x_wconf 89' lang='lat' dir='ltr'>res</span> 
     </span>
     <span class='ocr_line' id='line_1_11' title="bbox 128 1285 1428 1373; baseline 0.002 -23"><span class='ocrx_word' id='word_1_83' title='bbox 128 1286 247 1365; x_wconf 88' lang='lat' dir='ltr'>multas</span> <span class='ocrx_word' id='word_1_84' title='bbox 269 1289 479 1373; x_wconf 85' lang='lat' dir='ltr'>praegressas</span> <span class='ocrx_word' id='word_1_85' title='bbox 502 1307 575 1351; x_wconf 91' lang='lat' dir='ltr'>cum</span> <span class='ocrx_word' id='word_1_86' title='bbox 596 1286 771 1353; x_wconf 88' lang='lat' dir='ltr'>modernis.</span> <span class='ocrx_word' id='word_1_87' title='bbox 814 1287 861 1351; x_wconf 83' lang='lat' dir='ltr'>Et</span> <span class='ocrx_word' id='word_1_88' title='bbox 881 1285 942 1350; x_wconf 90' lang='lat' dir='ltr'>hoe</span> <span class='ocrx_word' id='word_1_89' title='bbox 978 1286 1075 1351; x_wconf 91' lang='lat' dir='ltr'>modo</span> <span class='ocrx_word' id='word_1_90' title='bbox 1098 1286 1153 1351; x_wconf 87' lang='lat' dir='ltr'>ille</span> <span class='ocrx_word' id='word_1_91' title='bbox 1186 1289 1345 1372; x_wconf 83' lang='lat' dir='ltr'>magister</span> <span class='ocrx_word' id='word_1_92' title='bbox 1365 1287 1428 1353; x_wconf 87' lang='lat' dir='ltr'>fuit</span> 
     </span>
     <span class='ocr_line' id='line_1_12' title="bbox 132 1389 1452 1478; baseline 0.001 -22"><span class='ocrx_word' id='word_1_93' title='bbox 132 1392 183 1456; x_wconf 90' lang='lat' dir='ltr'>vir</span> <span class='ocrx_word' id='word_1_94' title='bbox 205 1389 382 1475; x_wconf 81' lang='lat' dir='ltr'>sanguinis,</span> <span class='ocrx_word' id='word_1_95' title='bbox 406 1398 439 1454; x_wconf 87' lang='lat' dir='ltr'>et</span> <span class='ocrx_word' id='word_1_96' title='bbox 458 1399 635 1478; x_wconf 86' lang='lat' dir='ltr'>perpetuae</span> <span class='ocrx_word' id='word_1_97' title='bbox 656 1390 899 1478; x_wconf 87' lang='lat' dir='ltr'>inquietudinis,</span> <span class='ocrx_word' id='word_1_98' title='bbox 922 1412 987 1454; x_wconf 91' lang='lat' dir='ltr'>non</span> <span class='ocrx_word' id='word_1_99' title='bbox 1009 1389 1070 1454; x_wconf 83' lang='lat' dir='ltr'>fuit</span> <span class='ocrx_word' id='word_1_100' title='bbox 1093 1389 1244 1455; x_wconf 86' lang='lat' dir='ltr'>sacerdos</span> <span class='ocrx_word' id='word_1_101' title='bbox 1265 1391 1344 1474; x_wconf 84' lang='lat' dir='ltr'>Dei,</span> <span class='ocrx_word' id='word_1_102' title='bbox 1369 1391 1427 1457; x_wconf 88' lang='lat' dir='ltr'>sed</span> <span class='ocrx_word' id='word_1_103' title='bbox 1449 1392 1452 1397; x_wconf 78' lang='grc'><strong>’</strong></span> 
     </span>
     <span class='ocr_line' id='line_1_13' title="bbox 131 1492 1425 1582; baseline 0.003 -24"><span class='ocrx_word' id='word_1_104' title='bbox 131 1492 322 1576; x_wconf 80' lang='lat' dir='ltr'>antichristi,</span> <span class='ocrx_word' id='word_1_105' title='bbox 352 1493 386 1557; x_wconf 93' lang='lat' dir='ltr'>in</span> <span class='ocrx_word' id='word_1_106' title='bbox 409 1515 472 1581; x_wconf 93' lang='lat' dir='ltr'>quo</span> <span class='ocrx_word' id='word_1_107' title='bbox 488 1494 628 1559; x_wconf 83' lang='lat' dir='ltr'>eundem</span> <span class='ocrx_word' id='word_1_108' title='bbox 643 1496 774 1581; x_wconf 91' lang='lat' dir='ltr'>ipsimet</span> <span class='ocrx_word' id='word_1_109' title='bbox 796 1496 868 1582; x_wconf 87' lang='lat' dir='ltr'>ejus</span> <span class='ocrx_word' id='word_1_110' title='bbox 884 1501 974 1558; x_wconf 90' lang='lat' dir='ltr'>aetus</span> <span class='ocrx_word' id='word_1_111' title='bbox 984 1492 1183 1580; x_wconf 87' lang='lat' dir='ltr'>judicarunt.</span> <span class='ocrx_word' id='word_1_112' title='bbox 1206 1494 1290 1559; x_wconf 87' lang='lat' dir='ltr'>Nam</span> <span class='ocrx_word' id='word_1_113' title='bbox 1314 1496 1425 1562; x_wconf 84' lang='lat' dir='ltr'>officia</span> 
     </span>
     <span class='ocr_line' id='line_1_14' title="bbox 131 1596 1423 1687; baseline 0.002 -25"><span class='ocrx_word' id='word_1_114' title='bbox 131 1598 219 1663; x_wconf 90' lang='lat' dir='ltr'>illius</span> <span class='ocrx_word' id='word_1_115' title='bbox 243 1605 275 1662; x_wconf 93' lang='lat' dir='ltr'>et</span> <span class='ocrx_word' id='word_1_116' title='bbox 297 1596 482 1682; x_wconf 90' lang='lat' dir='ltr'>dignitates,</span> <span class='ocrx_word' id='word_1_117' title='bbox 504 1620 623 1687; x_wconf 92' lang='lat' dir='ltr'>nempe</span> <span class='ocrx_word' id='word_1_118' title='bbox 646 1598 871 1682; x_wconf 88' lang='lat' dir='ltr'>sacerdotium,</span> <span class='ocrx_word' id='word_1_119' title='bbox 895 1598 1117 1683; x_wconf 90' lang='lat' dir='ltr'>magisterium</span> <span class='ocrx_word' id='word_1_120' title='bbox 1147 1606 1180 1663; x_wconf 94' lang='lat' dir='ltr'>et</span> <span class='ocrx_word' id='word_1_121' title='bbox 1211 1597 1423 1665; x_wconf 84' lang='lat' dir='ltr'>administra·</span> 
     </span>
     <span class='ocr_line' id='line_1_15' title="bbox 128 1701 1429 1790; baseline 0.001 -21"><span class='ocrx_word' id='word_1_122' title='bbox 128 1711 201 1769; x_wconf 83' lang='lat' dir='ltr'>ture</span> <span class='ocrx_word' id='word_1_123' title='bbox 222 1701 256 1767; x_wconf 89' lang='lat' dir='ltr'>in</span> <span class='ocrx_word' id='word_1_124' title='bbox 279 1723 314 1767; x_wconf 88' lang='lat' dir='ltr'>se</span> <span class='ocrx_word' id='word_1_125' title='bbox 336 1701 416 1787; x_wconf 90' lang='lat' dir='ltr'>ipsis</span> <span class='ocrx_word' id='word_1_126' title='bbox 439 1701 525 1767; x_wconf 92' lang='lat' dir='ltr'>bona</span> <span class='ocrx_word' id='word_1_127' title='bbox 540 1711 573 1768; x_wconf 89' lang='lat' dir='ltr'>et</span> <span class='ocrx_word' id='word_1_128' title='bbox 593 1701 730 1768; x_wconf 86' lang='lat' dir='ltr'>honesta</span> <span class='ocrx_word' id='word_1_129' title='bbox 750 1703 900 1788; x_wconf 81' lang='lat' dir='ltr'>fuerunt3</span> <span class='ocrx_word' id='word_1_130' title='bbox 923 1711 1015 1768; x_wconf 86' lang='lat' dir='ltr'>actus</span> <span class='ocrx_word' id='word_1_131' title='bbox 1028 1724 1105 1768; x_wconf 91' lang='lat' dir='ltr'>vero</span> <span class='ocrx_word' id='word_1_132' title='bbox 1129 1701 1275 1790; x_wconf 90' lang='lat' dir='ltr'>ejusdem</span> <span class='ocrx_word' id='word_1_133' title='bbox 1290 1706 1429 1771; x_wconf 91' lang='lat' dir='ltr'>omnino·</span> 
     </span>
     <span class='ocr_line' id='line_1_16' title="bbox 132 1805 1424 1892; baseline 0.003 -21"><span class='ocrx_word' id='word_1_134' title='bbox 132 1805 210 1871; x_wconf 90' lang='lat' dir='ltr'>mali</span> <span class='ocrx_word' id='word_1_135' title='bbox 233 1813 268 1872; x_wconf 76' lang='lat' dir='ltr'>et.</span> <span class='ocrx_word' id='word_1_136' title='bbox 290 1805 451 1891; x_wconf 85' lang='lat' dir='ltr'>perversi,</span> <span class='ocrx_word' id='word_1_137' title='bbox 481 1815 514 1870; x_wconf 91' lang='lat' dir='ltr'>et</span> <span class='ocrx_word' id='word_1_138' title='bbox 542 1807 669 1872; x_wconf 87' lang='lat' dir='ltr'>ahena</span> <span class='ocrx_word' id='word_1_139' title='bbox 704 1807 790 1871; x_wconf 86' lang='lat' dir='ltr'>fama</span> <span class='ocrx_word' id='word_1_140' title='bbox 823 1807 919 1892; x_wconf 90' lang='lat' dir='ltr'>longe</span> <span class='ocrx_word' id='word_1_141' title='bbox 949 1806 1137 1889; x_wconf 73' lang='lat' dir='ltr'>remoti,‚et</span> <span class='ocrx_word' id='word_1_142' title='bbox 1159 1805 1258 1872; x_wconf 88' lang='lat' dir='ltr'>alieni</span> <span class='ocrx_word' id='word_1_143' title='bbox 1294 1808 1332 1872; x_wconf 92' lang='lat' dir='ltr'>in</span> <span class='ocrx_word' id='word_1_144' title='bbox 1367 1808 1424 1875; x_wconf 93' lang='lat' dir='ltr'>illo</span> 
     </span>
     <span class='ocr_line' id='line_1_17' title="bbox 132 1907 1427 1996; baseline 0.003 -22"><span class='ocrx_word' id='word_1_145' title='bbox 132 1907 341 1996; x_wconf 83' lang='lat' dir='ltr'>apparebant,</span> <span class='ocrx_word' id='word_1_146' title='bbox 368 1907 408 1972; x_wconf 93' lang='lat' dir='ltr'>In</span> <span class='ocrx_word' id='word_1_147' title='bbox 429 1907 487 1974; x_wconf 93' lang='lat' dir='ltr'>illo</span> <span class='ocrx_word' id='word_1_148' title='bbox 509 1909 648 1988; x_wconf 90' lang='lat' dir='ltr'>homine,</span> <span class='ocrx_word' id='word_1_149' title='bbox 674 1911 822 1975; x_wconf 86' lang='lat' dir='ltr'>sitemen</span> <span class='ocrx_word' id='word_1_150' title='bbox 844 1910 940 1976; x_wconf 89' lang='lat' dir='ltr'>homo</span> <span class='ocrx_word' id='word_1_151' title='bbox 955 1909 1021 1974; x_wconf 89' lang='lat' dir='ltr'>diei</span> <span class='ocrx_word' id='word_1_152' title='bbox 1043 1917 1161 1996; x_wconf 89' lang='lat' dir='ltr'>potest,</span> <span class='ocrx_word' id='word_1_153' title='bbox 1183 1909 1427 1977; x_wconf 89' lang='lat' dir='ltr'>adverebantur</span> 
     </span>
     <span class='ocr_line' id='line_1_18' title="bbox 127 2009 1425 2103; baseline 0.002 -24"><span class='ocrx_word' id='word_1_154' title='bbox 127 2013 293 2081; x_wconf 86' lang='lat' dir='ltr'>mirabiles</span> <span class='ocrx_word' id='word_1_155' title='bbox 315 2009 423 2099; x_wconf 84' lang='lat' dir='ltr'>nugae</span> <span class='ocrx_word' id='word_1_156' title='bbox 453 2015 654 2092; x_wconf 87' lang='lat' dir='ltr'>temerariae,</span> <span class='ocrx_word' id='word_1_157' title='bbox 687 2014 884 2099; x_wconf 87' lang='lat' dir='ltr'>frequentes,</span> <span class='ocrx_word' id='word_1_158' title='bbox 907 2014 1100 2103; x_wconf 90' lang='lat' dir='ltr'>praesertim</span> <span class='ocrx_word' id='word_1_159' title='bbox 1129 2015 1165 2077; x_wconf 89' lang='lat' dir='ltr'>in</span> <span class='ocrx_word' id='word_1_160' title='bbox 1195 2014 1360 2101; x_wconf 89' lang='lat' dir='ltr'>eeclesiis,</span> <span class='ocrx_word' id='word_1_161' title='bbox 1392 2018 1425 2082; x_wconf 92' lang='lat' dir='ltr'>in</span> 
     </span>
     <span class='ocr_line' id='line_1_19' title="bbox 105 2110 1422 2204; baseline 0.004 -23"><span class='ocrx_word' id='word_1_162' title='bbox 105 2116 276 2203; x_wconf 85' lang='lat' dir='ltr'>-ambonis</span> <span class='ocrx_word' id='word_1_163' title='bbox 312 2125 368 2182; x_wconf 91' lang='lat' dir='ltr'>aut</span> <span class='ocrx_word' id='word_1_164' title='bbox 404 2117 566 2183; x_wconf 83' lang='lat' dir='ltr'>cathedris</span> <span class='ocrx_word' id='word_1_165' title='bbox 600 2110 833 2203; x_wconf 83' lang='lat' dir='ltr'>cavillationes,</span> <span class='ocrx_word' id='word_1_166' title='bbox 868 2117 1032 2184; x_wconf 88' lang='lat' dir='ltr'>scholares</span> <span class='ocrx_word' id='word_1_167' title='bbox 1064 2125 1095 2181; x_wconf 89' lang='lat' dir='ltr'>et</span> <span class='ocrx_word' id='word_1_168' title='bbox 1127 2116 1270 2203; x_wconf 90' lang='lat' dir='ltr'>pueriles</span> <span class='ocrx_word' id='word_1_169' title='bbox 1304 2140 1422 2204; x_wconf 84' lang='lat' dir='ltr'>mores,</span> 
     </span>
     <span class='ocr_line' id='line_1_20' title="bbox 127 2221 1423 2309; baseline 0 -20"><span class='ocrx_word' id='word_1_170' title='bbox 127 2221 365 2289; x_wconf 85' lang='lat' dir='ltr'>deliberatione</span> <span class='ocrx_word' id='word_1_171' title='bbox 386 2221 553 2287; x_wconf 85' lang='lat' dir='ltr'>hominum</span> <span class='ocrx_word' id='word_1_172' title='bbox 568 2221 764 2309; x_wconf 85' lang='lat' dir='ltr'>prudentum</span> <span class='ocrx_word' id='word_1_173' title='bbox 780 2231 938 2306; x_wconf 88' lang='lat' dir='ltr'>carentes,</span> <span class='ocrx_word' id='word_1_174' title='bbox 961 2242 1066 2286; x_wconf 88' lang='lat' dir='ltr'>vanae</span> <span class='ocrx_word' id='word_1_175' title='bbox 1090 2221 1219 2306; x_wconf 85' lang='lat' dir='ltr'>saepius</span> <span class='ocrx_word' id='word_1_176' title='bbox 1236 2230 1269 2286; x_wconf 90' lang='lat' dir='ltr'>et</span> <span class='ocrx_word' id='word_1_177' title='bbox 1283 2223 1423 2288; x_wconf 81' lang='lat' dir='ltr'>infestae</span> 
     </span>
     <span class='ocr_line' id='line_1_21' title="bbox 131 2320 1423 2415; baseline 0.001 -23"><span class='ocrx_word' id='word_1_178' title='bbox 131 2326 322 2415; x_wconf 82' lang='lat' dir='ltr'>calumniae,</span> <span class='ocrx_word' id='word_1_179' title='bbox 355 2324 398 2390; x_wconf 85' lang='lat' dir='ltr'>ad</span> <span class='ocrx_word' id='word_1_180' title='bbox 426 2324 568 2391; x_wconf 91' lang='lat' dir='ltr'>furorem</span> <span class='ocrx_word' id='word_1_181' title='bbox 602 2335 635 2391; x_wconf 90' lang='lat' dir='ltr'>et</span> <span class='ocrx_word' id='word_1_182' title='bbox 653 2320 887 2392; x_wconf 48' lang='lat' dir='ltr'>‘contentiones</span> <span class='ocrx_word' id='word_1_183' title='bbox 928 2326 1135 2406; x_wconf 62' lang='lat' dir='ltr'>incitantes„</span> <span class='ocrx_word' id='word_1_184' title='bbox 1159 2333 1192 2388; x_wconf 91' lang='lat' dir='ltr'>et</span> <span class='ocrx_word' id='word_1_185' title='bbox 1218 2324 1327 2391; x_wconf 86' lang='lat' dir='ltr'>multa</span> <span class='ocrx_word' id='word_1_186' title='bbox 1364 2327 1423 2393; x_wconf 79' lang='lat' dir='ltr'>slis</span> 
     </span>
     <span class='ocr_line' id='line_1_22' title="bbox 26 2418 1421 2515; baseline 0.001 -19"><span class='ocrx_word' id='word_1_187' title='bbox 26 2440 30 2465; x_wconf 82' lang='lat'><strong>¹</strong></span> <span class='ocrx_word' id='word_1_188' title='bbox 117 2430 251 2496; x_wconf 89' lang='lat' dir='ltr'>homini</span> <span class='ocrx_word' id='word_1_189' title='bbox 272 2431 536 2495; x_wconf 85' lang='lat' dir='ltr'>inconvenientia</span> <span class='ocrx_word' id='word_1_190' title='bbox 564 2430 677 2496; x_wconf 90' lang='lat' dir='ltr'>inille</span> <span class='ocrx_word' id='word_1_191' title='bbox 710 2431 971 2514; x_wconf 83' lang='lat' dir='ltr'>inveniebantur,</span> <span class='ocrx_word' id='word_1_192' title='bbox 1008 2418 1125 2515; x_wconf 88' lang='lat' dir='ltr'>etqui</span> <span class='ocrx_word' id='word_1_193' title='bbox 1147 2430 1292 2494; x_wconf 88' lang='lat' dir='ltr'>maxima</span> <span class='ocrx_word' id='word_1_194' title='bbox 1329 2452 1421 2497; x_wconf 70' lang='lat' dir='ltr'>caua</span> 
     </span>
     <span class='ocr_line' id='line_1_23' title="bbox 126 2531 1414 2623; baseline 0.002 -24"><span class='ocrx_word' id='word_1_195' title='bbox 126 2534 213 2600; x_wconf 88' lang='lat' dir='ltr'>illius</span> <span class='ocrx_word' id='word_1_196' title='bbox 236 2534 426 2623; x_wconf 87' lang='lat' dir='ltr'>adeptorum</span> <span class='ocrx_word' id='word_1_197' title='bbox 454 2535 612 2600; x_wconf 91' lang='lat' dir='ltr'>honorum</span> <span class='ocrx_word' id='word_1_198' title='bbox 634 2535 774 2618; x_wconf 86' lang='lat' dir='ltr'>fuerunt,</span> <span class='ocrx_word' id='word_1_199' title='bbox 796 2534 845 2600; x_wconf 93' lang='lat' dir='ltr'>illi</span> <span class='ocrx_word' id='word_1_200' title='bbox 866 2556 926 2622; x_wconf 90' lang='lat' dir='ltr'>pro</span> <span class='ocrx_word' id='word_1_201' title='bbox 946 2531 1115 2599; x_wconf 83' lang='lat' dir='ltr'>benefieiis</span> <span class='ocrx_word' id='word_1_202' title='bbox 1137 2531 1243 2599; x_wconf 92' lang='lat' dir='ltr'>eidem</span> <span class='ocrx_word' id='word_1_203' title='bbox 1267 2534 1414 2602; x_wconf 78' lang='lat' dir='ltr'>exhibiti</span> 
     </span>
     <span class='ocr_line' id='line_1_24' title="bbox 134 2634 1418 2727; baseline 0.001 -22"><span class='ocrx_word' id='word_1_204' title='bbox 134 2640 435 2727; x_wconf 80' lang='lat' dir='ltr'>compensationem</span> <span class='ocrx_word' id='word_1_205' title='bbox 456 2637 575 2705; x_wconf 86' lang='lat' dir='ltr'>malam</span> <span class='ocrx_word' id='word_1_206' title='bbox 612 2639 739 2726; x_wconf 85' lang='lat' dir='ltr'>experti</span> <span class='ocrx_word' id='word_1_207' title='bbox 760 2639 891 2717; x_wconf 74' lang='lat' dir='ltr'>bierunt</span> <span class='ocrx_word' id='word_1_208' title='bbox 925 2634 1075 2705; x_wconf 90' lang='lat' dir='ltr'>omnibus</span> <span class='ocrx_word' id='word_1_209' title='bbox 1114 2635 1180 2703; x_wconf 90' lang='lat' dir='ltr'>illis</span> <span class='ocrx_word' id='word_1_210' title='bbox 1210 2640 1418 2726; x_wconf 84' lang='lat' dir='ltr'>temporibus,</span> 
     </span>
     <span class='ocr_line' id='line_1_25' title="bbox 131 2741 1421 2832; baseline 0 -23"><span class='ocrx_word' id='word_1_211' title='bbox 131 2745 240 2809; x_wconf 89' lang='lat' dir='ltr'>emnia</span> <span class='ocrx_word' id='word_1_212' title='bbox 261 2742 347 2808; x_wconf 89' lang='lat' dir='ltr'>mala</span> <span class='ocrx_word' id='word_1_213' title='bbox 367 2744 433 2810; x_wconf 89' lang='lat' dir='ltr'>imo</span> <span class='ocrx_word' id='word_1_214' title='bbox 455 2744 599 2830; x_wconf 87' lang='lat' dir='ltr'>pessima</span> <span class='ocrx_word' id='word_1_215' title='bbox 620 2741 744 2809; x_wconf 85' lang='lat' dir='ltr'>eisdem</span> <span class='ocrx_word' id='word_1_216' title='bbox 767 2751 893 2832; x_wconf 87' lang='lat' dir='ltr'>optans,</span> <span class='ocrx_word' id='word_1_217' title='bbox 930 2753 962 2810; x_wconf 89' lang='lat' dir='ltr'>et</span> <span class='ocrx_word' id='word_1_218' title='bbox 984 2743 1156 2823; x_wconf 88' lang='lat' dir='ltr'>exhibens,</span> <span class='ocrx_word' id='word_1_219' title='bbox 1192 2763 1258 2809; x_wconf 92' lang='lat' dir='ltr'>non</span> <span class='ocrx_word' id='word_1_220' title='bbox 1281 2751 1320 2809; x_wconf 90' lang='lat' dir='ltr'>ut</span> <span class='ocrx_word' id='word_1_221' title='bbox 1344 2743 1421 2811; x_wconf 89' lang='lat' dir='ltr'>chri·</span> 
     </span>
     <span class='ocr_line' id='line_1_26' title="bbox 129 2847 1421 2937; baseline 0.001 -26"><span class='ocrx_word' id='word_1_222' title='bbox 129 2849 254 2937; x_wconf 83' lang='lat' dir='ltr'>stianus</span> <span class='ocrx_word' id='word_1_223' title='bbox 275 2847 429 2913; x_wconf 88' lang='lat' dir='ltr'>sacerdos</span> <span class='ocrx_word' id='word_1_224' title='bbox 463 2855 495 2912; x_wconf 91' lang='lat' dir='ltr'>et</span> <span class='ocrx_word' id='word_1_225' title='bbox 516 2855 627 2934; x_wconf 88' lang='lat' dir='ltr'>pastor</span> <span class='ocrx_word' id='word_1_226' title='bbox 660 2848 852 2931; x_wconf 87' lang='lat' dir='ltr'>animarum,</span> <span class='ocrx_word' id='word_1_227' title='bbox 887 2847 945 2914; x_wconf 89' lang='lat' dir='ltr'>sed</span> <span class='ocrx_word' id='word_1_228' title='bbox 968 2848 1054 2914; x_wconf 89' lang='lat' dir='ltr'>sicut</span> <span class='ocrx_word' id='word_1_229' title='bbox 1074 2848 1139 2931; x_wconf 91' lang='lat' dir='ltr'>ille,</span> <span class='ocrx_word' id='word_1_230' title='bbox 1174 2848 1231 2935; x_wconf 89' lang='lat' dir='ltr'>qui</span> <span class='ocrx_word' id='word_1_231' title='bbox 1262 2869 1334 2913; x_wconf 87' lang='lat' dir='ltr'>non</span> <span class='ocrx_word' id='word_1_232' title='bbox 1368 2867 1421 2936; x_wconf 88' lang='lat' dir='ltr'>per</span> 
     </span>
     <span class='ocr_line' id='line_1_27' title="bbox 125 2951 1422 3049; baseline 0.001 -31"><span class='ocrx_word' id='word_1_233' title='bbox 125 2952 213 3019; x_wconf 85' lang='lat' dir='ltr'>fores</span> <span class='ocrx_word' id='word_1_234' title='bbox 236 2953 371 3049; x_wconf 79' lang='lat' dir='ltr'>Domini</span> <span class='ocrx_word' id='word_1_235' title='bbox 393 2953 443 3017; x_wconf 91' lang='lat' dir='ltr'>sui</span> <span class='ocrx_word' id='word_1_236' title='bbox 464 2952 500 3018; x_wconf 91' lang='lat' dir='ltr'>in</span> <span class='ocrx_word' id='word_1_237' title='bbox 522 2951 607 3019; x_wconf 89' lang='lat' dir='ltr'>ovile</span> <span class='ocrx_word' id='word_1_238' title='bbox 629 2953 771 3036; x_wconf 88' lang='lat' dir='ltr'>intravit,</span> <span class='ocrx_word' id='word_1_239' title='bbox 793 2974 906 3020; x_wconf 89' lang='lat' dir='ltr'>verum</span> <span class='ocrx_word' id='word_1_240' title='bbox 928 2975 987 3041; x_wconf 89' lang='lat' dir='ltr'>per</span> <span class='ocrx_word' id='word_1_241' title='bbox 1013 2952 1159 3021; x_wconf 88' lang='lat' dir='ltr'>foramen</span> <span class='ocrx_word' id='word_1_242' title='bbox 1180 2952 1371 3019; x_wconf 87' lang='lat' dir='ltr'>antichristi</span> <span class='ocrx_word' id='word_1_243' title='bbox 1390 2953 1422 3019; x_wconf 87' lang='lat' dir='ltr'>in</span> 
     </span>
     <span class='ocr_line' id='line_1_28' title="bbox 125 3055 1421 3145; baseline -0.002 -20"><span class='ocrx_word' id='word_1_244' title='bbox 125 3056 239 3127; x_wconf 84' lang='lat' dir='ltr'>nidum</span> <span class='ocrx_word' id='word_1_245' title='bbox 251 3080 355 3141; x_wconf 86' lang='lat' dir='ltr'>suum,</span> <span class='ocrx_word' id='word_1_246' title='bbox 378 3079 475 3145; x_wconf 86' lang='lat' dir='ltr'>quem</span> <span class='ocrx_word' id='word_1_247' title='bbox 495 3058 586 3145; x_wconf 92' lang='lat' dir='ltr'>prius</span> <span class='ocrx_word' id='word_1_248' title='bbox 609 3055 757 3122; x_wconf 85' lang='lat' dir='ltr'>sordibus</span> <span class='ocrx_word' id='word_1_249' title='bbox 773 3057 930 3145; x_wconf 90' lang='lat' dir='ltr'>implevit,</span> <span class='ocrx_word' id='word_1_250' title='bbox 953 3057 1092 3145; x_wconf 91' lang='lat' dir='ltr'>irrepsit.</span> <span class='ocrx_word' id='word_1_251' title='bbox 1115 3055 1214 3145; x_wconf 89' lang='lat' dir='ltr'>Apud</span> <span class='ocrx_word' id='word_1_252' title='bbox 1236 3079 1311 3123; x_wconf 87' lang='lat' dir='ltr'>eum</span> <span class='ocrx_word' id='word_1_253' title='bbox 1338 3058 1421 3124; x_wconf 86' lang='lat' dir='ltr'>enim</span> 
     </span>
     <span class='ocr_line' id='line_1_29' title="bbox 124 3160 1421 3251; baseline 0.002 -22"><span class='ocrx_word' id='word_1_254' title='bbox 124 3185 189 3229; x_wconf 89' lang='lat' dir='ltr'>uno</span> <span class='ocrx_word' id='word_1_255' title='bbox 211 3161 313 3229; x_wconf 89' lang='lat' dir='ltr'>verbo</span> <span class='ocrx_word' id='word_1_256' title='bbox 334 3161 442 3229; x_wconf 90' lang='lat' dir='ltr'>nullus</span> <span class='ocrx_word' id='word_1_257' title='bbox 463 3160 638 3229; x_wconf 89' lang='lat' dir='ltr'>laudabilis</span> <span class='ocrx_word' id='word_1_258' title='bbox 660 3161 785 3245; x_wconf 90' lang='lat' dir='ltr'>modus,</span> <span class='ocrx_word' id='word_1_259' title='bbox 808 3184 870 3228; x_wconf 90' lang='lat' dir='ltr'>nec</span> <span class='ocrx_word' id='word_1_260' title='bbox 891 3171 981 3228; x_wconf 86' lang='lat' dir='ltr'>actus</span> <span class='ocrx_word' id='word_1_261' title='bbox 1001 3161 1072 3228; x_wconf 84' lang='lat' dir='ltr'>fuit</span> <span class='ocrx_word' id='word_1_262' title='bbox 1094 3162 1159 3227; x_wconf 88' lang='lat' dir='ltr'>Hic</span> <span class='ocrx_word' id='word_1_263' title='bbox 1181 3183 1280 3229; x_wconf 87' lang='lat' dir='ltr'>saeve</span> <span class='ocrx_word' id='word_1_264' title='bbox 1303 3185 1421 3251; x_wconf 85' lang='lat' dir='ltr'>pacem</span> 
     </span>
     <span class='ocr_line' id='line_1_30' title="bbox 123 3264 1421 3354; baseline -0.002 -20"><span class='ocrx_word' id='word_1_265' title='bbox 123 3290 195 3334; x_wconf 91' lang='lat' dir='ltr'>non.</span> <span class='ocrx_word' id='word_1_266' title='bbox 212 3275 338 3333; x_wconf 87' lang='lat' dir='ltr'>tantum</span> <span class='ocrx_word' id='word_1_267' title='bbox 358 3266 494 3354; x_wconf 88' lang='lat' dir='ltr'>Pragae,</span> <span class='ocrx_word' id='word_1_268' title='bbox 519 3265 577 3332; x_wconf 88' lang='lat' dir='ltr'>sed</span> <span class='ocrx_word' id='word_1_269' title='bbox 598 3265 700 3332; x_wconf 85' lang='lat' dir='ltr'>ferme</span> <span class='ocrx_word' id='word_1_270' title='bbox 721 3265 843 3354; x_wconf 91' lang='lat' dir='ltr'>ubique</span> <span class='ocrx_word' id='word_1_271' title='bbox 872 3267 907 3331; x_wconf 94' lang='lat' dir='ltr'>in</span> <span class='ocrx_word' id='word_1_272' title='bbox 927 3265 1088 3333; x_wconf 89' lang='lat' dir='ltr'>Bohemia</span> <span class='ocrx_word' id='word_1_273' title='bbox 1110 3288 1183 3332; x_wconf 91' lang='lat' dir='ltr'>cum</span> <span class='ocrx_word' id='word_1_274' title='bbox 1220 3264 1421 3354; x_wconf 54' lang='lat' dir='ltr'>coadjutori,</span> 
     </span>
     <span class='ocr_line' id='line_1_31' title="bbox 124 3369 1422 3459; baseline 0.001 -21"><span class='ocrx_word' id='word_1_275' title='bbox 124 3370 186 3439; x_wconf 89' lang='lat' dir='ltr'>bus</span> <span class='ocrx_word' id='word_1_276' title='bbox 210 3373 277 3451; x_wconf 88' lang='lat' dir='ltr'>suis</span> <span class='ocrx_word' id='word_1_277' title='bbox 298 3370 477 3459; x_wconf 88' lang='lat' dir='ltr'>aequaliter</span> <span class='ocrx_word' id='word_1_278' title='bbox 508 3369 688 3457; x_wconf 81' lang='lat' dir='ltr'>impedivit,</span> <span class='ocrx_word' id='word_1_279' title='bbox 712 3369 883 3454; x_wconf 82' lang='lat' dir='ltr'>destruxit,</span> <span class='ocrx_word' id='word_1_280' title='bbox 907 3379 940 3447; x_wconf 86' lang='lat' dir='ltr'>et</span> <span class='ocrx_word' id='word_1_281' title='bbox 960 3371 1122 3458; x_wconf 89' lang='lat' dir='ltr'>unguibus</span> <span class='ocrx_word' id='word_1_282' title='bbox 1145 3371 1239 3458; x_wconf 87' lang='lat' dir='ltr'>quasi</span> <span class='ocrx_word' id='word_1_283' title='bbox 1261 3369 1422 3439; x_wconf 82' lang='lat' dir='ltr'>dilacera·</span> 
     </span>
     <span class='ocr_line' id='line_1_32' title="bbox 122 3473 1419 3563; baseline 0.001 -21"><span class='ocrx_word' id='word_1_284' title='bbox 122 3476 182 3562; x_wconf 94' lang='lat' dir='ltr'>vit,</span> <span class='ocrx_word' id='word_1_285' title='bbox 205 3484 238 3542; x_wconf 88' lang='lat' dir='ltr'>et</span> <span class='ocrx_word' id='word_1_286' title='bbox 258 3497 321 3541; x_wconf 90' lang='lat' dir='ltr'>nec</span> <span class='ocrx_word' id='word_1_287' title='bbox 342 3475 376 3540; x_wconf 92' lang='lat' dir='ltr'>in</span> <span class='ocrx_word' id='word_1_288' title='bbox 400 3497 434 3541; x_wconf 91' lang='lat' dir='ltr'>se</span> <span class='ocrx_word' id='word_1_289' title='bbox 456 3473 538 3540; x_wconf 92' lang='lat' dir='ltr'>illud</span> <span class='ocrx_word' id='word_1_290' title='bbox 560 3497 681 3561; x_wconf 87' lang='lat' dir='ltr'>negare</span> <span class='ocrx_word' id='word_1_291' title='bbox 702 3476 816 3563; x_wconf 89' lang='lat' dir='ltr'>potuit,</span> <span class='ocrx_word' id='word_1_292' title='bbox 840 3475 962 3559; x_wconf 89' lang='lat' dir='ltr'>dicens,</span> <span class='ocrx_word' id='word_1_293' title='bbox 993 3476 1081 3563; x_wconf 91' lang='lat' dir='ltr'>quod</span> <span class='ocrx_word' id='word_1_294' title='bbox 1102 3490 1310 3563; x_wconf 89' lang='lat' dir='ltr'>nequaquam</span> <span class='ocrx_word' id='word_1_295' title='bbox 1333 3475 1419 3543; x_wconf 88' lang='lat' dir='ltr'>beno</span> 
     </span>
     <span class='ocr_line' id='line_1_33' title="bbox 126 3578 1415 3669; baseline 0 -22"><span class='ocrx_word' id='word_1_296' title='bbox 126 3603 225 3668; x_wconf 85' lang='lat' dir='ltr'>agere</span> <span class='ocrx_word' id='word_1_297' title='bbox 252 3582 363 3669; x_wconf 91' lang='lat' dir='ltr'>possit.</span> <span class='ocrx_word' id='word_1_298' title='bbox 406 3578 520 3646; x_wconf 85' lang='lat' dir='ltr'>Talem</span> <span class='ocrx_word' id='word_1_299' title='bbox 553 3601 629 3666; x_wconf 85' lang='lat' dir='ltr'>ergo</span> <span class='ocrx_word' id='word_1_300' title='bbox 658 3580 841 3665; x_wconf 81' lang='lat' dir='ltr'>Pragens&#39;es</span> <span class='ocrx_word' id='word_1_301' title='bbox 875 3579 940 3646; x_wconf 91' lang='lat' dir='ltr'>sibi</span> <span class='ocrx_word' id='word_1_302' title='bbox 972 3580 1205 3647; x_wconf 87' lang='lat' dir='ltr'>constituerant</span> <span class='ocrx_word' id='word_1_303' title='bbox 1236 3589 1415 3666; x_wconf 87' lang='lat' dir='ltr'>pastorem,</span> 
     </span>
     <span class='ocr_line' id='line_1_34' title="bbox 123 3670 1417 3773; baseline 0.002 -22"><span class='ocrx_word' id='word_1_304' title='bbox 123 3686 215 3773; x_wconf 89' lang='lat' dir='ltr'>cujus</span> <span class='ocrx_word' id='word_1_305' title='bbox 236 3707 359 3773; x_wconf 85' lang='lat' dir='ltr'>pascua</span> <span class='ocrx_word' id='word_1_306' title='bbox 381 3685 504 3751; x_wconf 90' lang='lat' dir='ltr'>eisdem</span> <span class='ocrx_word' id='word_1_307' title='bbox 527 3670 798 3773; x_wconf 83' lang='lat' dir='ltr'>complacuerunt.</span> <span class='ocrx_word' id='word_1_308' title='bbox 836 3684 902 3750; x_wconf 82' lang='lat' dir='ltr'>Sed</span> <span class='ocrx_word' id='word_1_309' title='bbox 925 3685 997 3772; x_wconf 90' lang='lat' dir='ltr'>quis</span> <span class='ocrx_word' id='word_1_310' title='bbox 1020 3685 1167 3773; x_wconf 88' lang='lat' dir='ltr'>ejusdem</span> <span class='ocrx_word' id='word_1_311' title='bbox 1186 3691 1278 3749; x_wconf 86' lang='lat' dir='ltr'>actus</span> <span class='ocrx_word' id='word_1_312' title='bbox 1302 3707 1417 3753; x_wconf 86' lang='lat' dir='ltr'>omnes</span> 
     </span>
     <span class='ocr_line' id='line_1_35' title="bbox 122 3787 1416 3879; baseline -0.001 -23"><span class='ocrx_word' id='word_1_313' title='bbox 122 3812 272 3857; x_wconf 87' lang='lat' dir='ltr'>enarrare</span> <span class='ocrx_word' id='word_1_314' title='bbox 294 3791 429 3879; x_wconf 80' lang='lat' dir='ltr'>posset?</span> <span class='ocrx_word' id='word_1_315' title='bbox 460 3791 536 3857; x_wconf 87' lang='lat' dir='ltr'>Jam</span> <span class='ocrx_word' id='word_1_316' title='bbox 564 3797 709 3856; x_wconf 86' lang='lat' dir='ltr'>revertar</span> <span class='ocrx_word' id='word_1_317' title='bbox 737 3787 781 3855; x_wconf 90' lang='lat' dir='ltr'>ad</span> <span class='ocrx_word' id='word_1_318' title='bbox 813 3788 961 3857; x_wconf 90' lang='lat' dir='ltr'>ordinem</span> <span class='ocrx_word' id='word_1_319' title='bbox 997 3787 1243 3873; x_wconf 84' lang='lat' dir='ltr'>discordiarum,</span> <span class='ocrx_word' id='word_1_320' title='bbox 1273 3810 1361 3877; x_wconf 84' lang='lat' dir='ltr'>quae</span> <span class='ocrx_word' id='word_1_321' title='bbox 1382 3791 1416 3855; x_wconf 88' lang='lat' dir='ltr'>in</span> 
     </span>
     <span class='ocr_line' id='line_1_36' title="bbox 122 3894 551 3984; baseline 0.002 -23"><span class='ocrx_word' id='word_1_322' title='bbox 122 3894 184 3964; x_wconf 89' lang='lat' dir='ltr'>hac</span> <span class='ocrx_word' id='word_1_323' title='bbox 203 3904 296 3984; x_wconf 89' lang='lat' dir='ltr'>parte</span> <span class='ocrx_word' id='word_1_324' title='bbox 318 3895 551 3962; x_wconf 87' lang='lat' dir='ltr'>describentur.</span> 
     </span>
    </p>
   </div>
   <div class='ocr_carea' id='block_1_3' title="bbox 668 4102 872 4203">
    <p class='ocr_par' dir='ltr' id='par_1_3' title="bbox 668 4102 872 4203">
     <span class='ocr_line' id='line_1_37' title="bbox 668 4102 872 4203; baseline -0.015 -31"><span class='ocrx_word' id='word_1_325' title='bbox 668 4102 872 4203; x_wconf 49' lang='lat' dir='ltr'>‹csrura</span> 
     </span>
    </p>
   </div>
   <div class='ocr_carea' id='block_1_4' title="bbox 120 4228 1415 4468">
    <p class='ocr_par' dir='ltr' id='par_1_4' title="bbox 120 4228 1415 4468">
     <span class='ocr_line' id='line_1_38' title="bbox 120 4228 1415 4313; baseline -0.005 -17"><span class='ocrx_word' id='word_1_326' title='bbox 120 4235 158 4296; x_wconf 93' lang='lat' dir='ltr'>In</span> <span class='ocrx_word' id='word_1_327' title='bbox 180 4253 239 4312; x_wconf 89' lang='lat' dir='ltr'>quo</span> <span class='ocrx_word' id='word_1_328' title='bbox 260 4239 364 4313; x_wconf 87' lang='lat' dir='ltr'>agetur</span> <span class='ocrx_word' id='word_1_329' title='bbox 385 4234 421 4292; x_wconf 91' lang='lat' dir='ltr'>de</span> <span class='ocrx_word' id='word_1_330' title='bbox 444 4231 569 4293; x_wconf 89' lang='lat' dir='ltr'>comitiis</span> <span class='ocrx_word' id='word_1_331' title='bbox 592 4251 611 4292; x_wconf 88' lang='lat' dir='ltr'>a</span> <span class='ocrx_word' id='word_1_332' title='bbox 632 4252 703 4310; x_wconf 85' lang='lat' dir='ltr'>rege</span> <span class='ocrx_word' id='word_1_333' title='bbox 722 4228 890 4304; x_wconf 77' lang='lat' dir='ltr'>institutis,</span> <span class='ocrx_word' id='word_1_334' title='bbox 923 4228 1167 4288; x_wconf 87' lang='lat' dir='ltr'>convenientibus</span> <span class='ocrx_word' id='word_1_335' title='bbox 1190 4228 1331 4290; x_wconf 89' lang='lat' dir='ltr'>omnibus</span> <span class='ocrx_word' id='word_1_336' title='bbox 1356 4237 1415 4290; x_wconf 82' lang='lat' dir='ltr'>sta·</span> 
     </span>
     <span class='ocr_line' id='line_1_39' title="bbox 121 4317 1413 4401; baseline -0.004 -17"><span class='ocrx_word' id='word_1_337' title='bbox 121 4323 210 4399; x_wconf 86' lang='lat' dir='ltr'>tibus,</span> <span class='ocrx_word' id='word_1_338' title='bbox 232 4330 261 4382; x_wconf 88' lang='lat' dir='ltr'>et</span> <span class='ocrx_word' id='word_1_339' title='bbox 275 4321 354 4401; x_wconf 91' lang='lat' dir='ltr'>quod</span> <span class='ocrx_word' id='word_1_340' title='bbox 368 4329 553 4399; x_wconf 80' lang='lat' dir='ltr'>parsnostra</span> <span class='ocrx_word' id='word_1_341' title='bbox 575 4321 612 4381; x_wconf 87' lang='lat' dir='ltr'>de</span> <span class='ocrx_word' id='word_1_342' title='bbox 626 4319 818 4396; x_wconf 77' lang='lat' dir='ltr'>comportatis</span> <span class='ocrx_word' id='word_1_343' title='bbox 841 4335 929 4396; x_wconf 86' lang='lat' dir='ltr'>agere</span> <span class='ocrx_word' id='word_1_344' title='bbox 952 4317 1107 4395; x_wconf 88' lang='lat' dir='ltr'>inceperit,</span> <span class='ocrx_word' id='word_1_345' title='bbox 1129 4317 1182 4377; x_wconf 90' lang='lat' dir='ltr'>sed</span> <span class='ocrx_word' id='word_1_346' title='bbox 1206 4317 1413 4379; x_wconf 80' lang='lat' dir='ltr'>confusionem</span> 
     </span>
     <span class='ocr_line' id='line_1_40' title="bbox 548 4403 984 4468; baseline -0.009 1"><span class='ocrx_word' id='word_1_347' title='bbox 548 4415 705 4468; x_wconf 86' lang='lat' dir='ltr'>causantes</span> <span class='ocrx_word' id='word_1_348' title='bbox 727 4406 801 4465; x_wconf 93' lang='lat' dir='ltr'>nihil</span> <span class='ocrx_word' id='word_1_349' title='bbox 823 4403 984 4466; x_wconf 86' lang='lat' dir='ltr'>effecerint.</span> 
     </span>
    </p>
   </div>
   <div class='ocr_carea' id='block_1_5' title="bbox 117 4530 1415 4849">
    <p class='ocr_par' dir='ltr' id='par_1_5' title="bbox 117 4530 1415 4849">
     <span class='ocr_line' id='line_1_41' title="bbox 205 4530 1412 4623; baseline -0.005 -20"><span class='ocrx_word' id='word_1_350' title='bbox 205 4534 294 4620; x_wconf 78' lang='lat' dir='ltr'>Quid</span> <span class='ocrx_word' id='word_1_351' title='bbox 315 4556 393 4603; x_wconf 87' lang='lat' dir='ltr'>vero</span> <span class='ocrx_word' id='word_1_352' title='bbox 415 4557 525 4601; x_wconf 88' lang='lat' dir='ltr'>rursus</span> <span class='ocrx_word' id='word_1_353' title='bbox 547 4556 568 4599; x_wconf 91' lang='lat' dir='ltr'>a</span> <span class='ocrx_word' id='word_1_354' title='bbox 589 4542 732 4623; x_wconf 87' lang='lat' dir='ltr'>tempore</span> <span class='ocrx_word' id='word_1_355' title='bbox 763 4533 796 4600; x_wconf 89' lang='lat' dir='ltr'>S.</span> <span class='ocrx_word' id='word_1_356' title='bbox 820 4531 1008 4600; x_wconf 87' lang='lat' dir='ltr'>Wenceslai</span> <span class='ocrx_word' id='word_1_357' title='bbox 1029 4532 1196 4618; x_wconf 87' lang='lat' dir='ltr'>praeteriti</span> <span class='ocrx_word' id='word_1_358' title='bbox 1217 4531 1314 4620; x_wconf 88' lang='lat' dir='ltr'>hujus</span> <span class='ocrx_word' id='word_1_359' title='bbox 1337 4530 1412 4598; x_wconf 86' lang='lat' dir='ltr'>anni</span> 
     </span>
     <span class='ocr_line' id='line_1_42' title="bbox 122 4634 1415 4730; baseline -0.008 -19"><span class='ocrx_word' id='word_1_360' title='bbox 122 4641 216 4729; x_wconf 69' lang='lat'>1624,</span> <span class='ocrx_word' id='word_1_361' title='bbox 235 4640 392 4730; x_wconf 85' lang='lat' dir='ltr'>usquead</span> <span class='ocrx_word' id='word_1_362' title='bbox 403 4641 529 4728; x_wconf 87' lang='lat' dir='ltr'>tempus</span> <span class='ocrx_word' id='word_1_363' title='bbox 544 4637 699 4727; x_wconf 83' lang='lat' dir='ltr'>paschale</span> <span class='ocrx_word' id='word_1_364' title='bbox 715 4638 800 4707; x_wconf 78' lang='lat'>1525</span> <span class='ocrx_word' id='word_1_365' title='bbox 822 4635 951 4723; x_wconf 85' lang='lat' dir='ltr'>Pragae</span> <span class='ocrx_word' id='word_1_366' title='bbox 971 4635 1152 4722; x_wconf 88' lang='lat' dir='ltr'>eontigerit,</span> <span class='ocrx_word' id='word_1_367' title='bbox 1172 4634 1255 4702; x_wconf 93' lang='lat' dir='ltr'>illud</span> <span class='ocrx_word' id='word_1_368' title='bbox 1273 4658 1362 4703; x_wconf 90' lang='lat' dir='ltr'>nunc</span> <span class='ocrx_word' id='word_1_369' title='bbox 1374 4656 1415 4702; x_wconf 86' lang='lat' dir='ltr'>ex</span> 
     </span>
     <span class='ocr_line' id='line_1_43' title="bbox 117 4739 1414 4849; baseline -0.004 -34"><span class='ocrx_word' id='word_1_370' title='bbox 117 4750 228 4816; x_wconf 69' lang='lat' dir='ltr'>musis</span> <span class='ocrx_word' id='word_1_371' title='bbox 239 4747 348 4839; x_wconf 71' lang='lat' dir='ltr'>§ustis</span> <span class='ocrx_word' id='word_1_372' title='bbox 364 4745 580 4814; x_wconf 67' lang='lat' dir='ltr'>marmiano</span> <span class='ocrx_word' id='word_1_373' title='bbox 609 4741 735 4830; x_wconf 76' lang='lat' dir='ltr'>dobeo3</span> <span class='ocrx_word' id='word_1_374' title='bbox 771 4764 847 4810; x_wconf 84' lang='lat' dir='ltr'>nam</span> <span class='ocrx_word' id='word_1_375' title='bbox 864 4742 994 4810; x_wconf 68' lang='lat' dir='ltr'>:interea</span> <span class='ocrx_word' id='word_1_376' title='bbox 1025 4760 1080 4808; x_wconf 85' lang='lat' dir='ltr'>ros</span> <span class='ocrx_word' id='word_1_377' title='bbox 1110 4739 1197 4809; x_wconf 77' lang='lat' dir='ltr'>oliuo</span> <span class='ocrx_word' id='word_1_378' title='bbox 1225 4748 1414 4849; x_wconf 65' lang='lat' dir='ltr'>temnetis·</span> 
     </span>
    </p>
   </div>
   <div class='ocr_carea' id='block_1_6' title="bbox 0 0 1478 5040">
    <p class='ocr_par' dir='ltr' id='par_1_6' title="bbox 0 0 1478 5040">
     <span class='ocr_line' id='line_1_44' title="bbox 0 0 1478 5040; baseline 0 3"><span class='ocrx_word' id='word_1_379' title='bbox 0 0 1478 5040; x_wconf 95' lang='lat' dir='ltr'> </span> 
     </span>
    </p>
   </div>
  </div>
 </body>
</html>
