2948 5040
149 177 212 248 154

144 374 210 418 non
233 359 298 423 sint
319 359 493 452 haeretici3
517 366 579 434 hoc
602 367 689 434 enim
721 378 822 456 agunt
852 390 895 434 ex
927 367 1079 436 mandato
1101 368 1183 435 Jesu
1205 365 1343 434 Christi.
1390 366 1438 436 At

87 480 92 567 ἱ·
144 456 226 526 haec
248 462 335 530 dicta
356 465 478 536 domini
500 470 579 538 Low
608 473 826 540 testimonium
851 475 1069 561 praebuerunt
1091 493 1202 539 omnes
1226 473 1437 561 suprascripti

144 563 268 637 domini
290 592 354 635 una
376 595 449 640 cum
472 575 559 643 clero
582 577 736 645 Romano.
770 578 927 667 Magister
950 579 1077 645 Passek
1102 576 1221 643 deinde
1243 578 1347 642 etiam
1370 599 1436 667 pro

143 675 217 741 tulit
229 678 413 765 sequentia:
437 680 650 747 Serenissime
672 684 750 749 rex!
775 684 871 751 etiam
883 705 943 750 nos
965 682 1049 749 haec
1070 682 1219 760 dicimus,
1243 682 1331 748 sicut
1352 704 1435 748 msu-

145 781 265 848 tionem
286 781 365 848 fecit
385 781 535 850 dominus
556 785 644 870 Low,
669 786 755 875 quod
775 787 858 853 haec
873 787 967 877 apud
990 808 1049 853 nos
1072 788 1106 853 in
1136 785 1274 853 veritate
1296 787 1347 852 ita
1369 794 1433 852 scta

146 887 218 971 sint,
243 896 275 952 et
296 889 342 952 ita
363 889 558 956 unanimiter
569 893 814 957 convenerimus
826 912 937 958 omnes
961 900 1061 957 status
1078 890 1138 956 sub
1153 898 1291 977 utraque
1314 893 1432 979 specis,

146 1000 178 1057 et
199 992 280 1058 haec
303 992 404 1059 libers
416 995 686 1081 recognoscimus,
711 996 797 1084 quod
818 996 878 1075 illi,
901 997 956 1084 qui
972 998 1057 1060 inter
1078 1016 1139 1061 nos
1163 1003 1293 1059 sumunt
1316 1015 1429 1083 corpus

147 1104 180 1161 et
214 1097 403 1183 sanguinem
427 1097 548 1163 Christi
582 1100 640 1165 sub
670 1123 735 1165 una
765 1103 883 1189 speeie,
917 1102 986 1166 veri
1021 1101 1087 1165 sint
1121 1098 1290 1165 christiani
1325 1100 1431 1165 attilii

147 1199 305 1266 ecclesiae
328 1209 468 1285 sanctae,
492 1211 525 1268 et
546 1203 608 1269 hoc
629 1212 844 1291 agentes'non
860 1206 924 1269 sint
937 1203 1115 1289 haeretici3
1138 1202 1220 1269 haec
1233 1204 1431 1291 onimagunt

142 1304 261 1370 exfide
284 1304 395 1370 christi
408 1304 549 1371 Domini.
571 1307 696 1401 Horum
712 1309 855 1374 omnium
877 1315 975 1372 testes
999 1315 1074 1372 sunt
1095 1315 1284 1394 praesentes
1306 1329 1429 1374 meeum

145 1410 265 1492 emissi,
300 1416 332 1473 et
354 1409 459 1475 clerus
483 1411 542 1476 sub
564 1419 699 1500 utraque
721 1413 849 1500 specie3
874 1412 929 1498 qui
951 1416 1048 1476 etiam
1079 1432 1191 1476 omnes
1213 1411 1298 1477 haec
1322 1412 1429 1478 confir·

144 1512 286 1595 mabant,
310 1513 464 1599 dicentes,
488 1539 557 1581 rem
569 1517 614 1582 ita
626 1541 660 1583 se
673 1516 804 1584 habere.
825 1516 904 1582 Post
927 1539 1023 1605 quam
1035 1514 1225 1602 gaudiosam
1246 1519 1430 1583 nuntiorum

144 1617 342 1702 relationem,
365 1621 481 1706 petivit
502 1620 741 1688 dominusLew
762 1645 783 1688 a
803 1642 891 1707 rege,
914 1629 950 1686 ut
973 1620 1059 1686 diem
1076 1628 1198 1687 certum
1215 1620 1429 1687 determinare

143 1721 346 1808 dignaretur3
369 1745 445 1788 nam
468 1724 675 1813 obtemporis
692 1726 883 1793 brevitatem
905 1733 1157 1812 nonpotuerunt
1180 1725 1321 1790 consilia
1343 1727 1429 1804 inire,

141 1832 177 1890 ut
197 1827 407 1893 necessitates
428 1828 508 1893 alias
531 1853 551 1894 a
573 1829 709 1896 statibus
734 1830 796 1895 sibi
820 1831 1009 1895 commissas
1033 1851 1110 1894 suae
1131 1827 1297 1916 Majestati
1313 1830 1431 1918 Regiae

142 1952 323 2018 proponere
344 1934 479 2020 possint,
510 1945 543 2000 at
565 1935 646 2000 haec
667 1944 704 2000 ut
737 1957 795 2000 sua
816 1935 921 2021 Regia
942 1933 1097 2021 MaJestas
1120 1933 1176 1998 diu
1208 1932 1346 2000 differre
1374 1954 1432 2000 non

141 2035 339 2121 dignaretur,
363 2037 542 2105 se'domnia
564 2039 605 2104 ad
627 2040 726 2105 finem
749 2039 895 2104 debitum
909 2039 1099 2126 perducere,
1123 2059 1196 2103 cum
1222 2037 1308 2104 haec
1332 2042 1433 2106 omnis

147 2138 233 2205 bona
256 2149 287 2205 ot
309 2142 519 2208 consolabilis
541 2145 647 2231 primo
671 2143 777 2208 eidem
790 2145 870 2229 regi,
894 2143 953 2206 toti
966 2141 1143 2208 Bohemiae
1164 2164 1278 2229 regno,
1304 2154 1432 2211 sanctas

139 2244 216 2309 fidei
239 2245 434 2312 christianae
454 2259 489 2311 et
517 2248 586 2312 sedi
608 2247 815 2334 apostolicae
843 2245 980 2312 allatura
1013 2245 1085 2329 sint,
1126 2255 1159 2312 et
1192 2246 1280 2334 quod
1294 2248 1432 2335 -praedo-

143 2370 288 2415 cessores
312 2352 381 2439 ejus
416 2355 626 2441 imperatores
650 2361 682 2416 et
703 2351 880 2417 Bohemiae
909 2373 1005 2437 reges
1027 2351 1109 2416 haec
1137 2374 1211 2416 cum
1237 2352 1347 2419 multa
1368 2374 1429 2420 san·

141 2456 248 2541 guinis
272 2456 428 2522 effusione
466 2465 498 2521 et
518 2458 646 2543 magnis
663 2458 816 2544 expensis
839 2457 874 2520 in
897 2455 996 2520 finem
1010 2453 1155 2521 debitum
1176 2452 1366 2543 perducere
1375 2480 1426 2524 non

139 2561 314 2647 potuerint,
339 2584 422 2648 quae
444 2584 531 2626 nunc
563 2561 747 2626 factasunt
781 2562 851 2625 sine
873 2559 960 2624 omni
981 2558 1092 2625 labore
1127 2568 1159 2625 et
1192 2565 1364 2647 expensis,
1388 2560 1419 2626 ob

141 2688 222 2753 quae
244 2665 393 2732 laudetur
415 2666 517 2732 Deus.
561 2665 749 2731 Addentes:
785 2664 870 2752 quod
892 2664 933 2729 ad
957 2663 1039 2728 haec
1061 2663 1128 2730 Sua
1148 2658 1308 2752 Majestas
1333 2665 1424 2752 Regia

140 2769 302 2856 obligetur
324 2792 432 2837 coram
454 2770 537 2853 Deo,
569 2779 601 2835 et
621 2769 716 2835 nobis
741 2769 919 2835 secundum
951 2770 1112 2855 promissa
1133 2785 1201 2852 sua,
1236 2778 1270 2834 et
1306 2779 1429 2837 sanctae

146 2875 242 2941 Sedis
265 2875 472 2964 apostolieae,
511 2885 543 2940 et
565 2875 758 2952 audivimus,
792 2874 878 2962 quod
901 2872 942 2938 ob
964 2873 1049 2938 banc
1072 2896 1202 2938 causam
1235 2882 1270 2939 et
1291 2874 1337 2940 ob
1359 2875 1430 2940 base

141 2979 227 3046 bona
264 2979 389 3067 legatus
425 3002 531 3069 papae
564 2981 738 3068 plurimum
772 2980 829 3046 hio
865 2980 1062 3064 delineatum
1093 2978 1232 3066 ideoque
1267 3002 1345 3046 curn
1380 2979 1429 3045 illo

141 3085 315 3172 dignentur
335 3106 441 3170 agere,
476 3093 511 3149 ut
534 3087 721 3151 executoris
743 3085 777 3148 iu
800 3085 1015 3172 compactatis
1052 3082 1240 3148 extradatur
1261 3085 1298 3149 in
1323 3084 1429 3151 confir·

141 3192 316 3255 mationem
338 3191 435 3253 totius
458 3188 536 3254 boni
568 3191 700 3277 incepti.
744 3190 824 3255 Post
845 3189 927 3253 haec
961 3190 1071 3253 omnia
1093 3187 1240 3253 nexillis
1262 3191 1431 3255 terminum

143 3305 176 3360 et
197 3294 384 3359 dilationem
408 3294 504 3358 trium
537 3293 662 3360 diorum
694 3295 810 3382 posuit,
846 3292 894 3357 illi
926 3314 1005 3359 vero
1045 3313 1087 3357 ox
1120 3313 1196 3357 arce
1228 3301 1432 3360 recesserunt

150 3399 264 3466 eodem
286 3396 340 3463 die
362 3397 513 3464 sabbati.

224 3501 412 3568 DieMartis
434 3502 566 3569 tandem
578 3511 653 3568 ante
675 3502 762 3567 diem
774 3500 805 3567 S.
818 3499 945 3566 Urbani
959 3499 1015 3588 (23
1027 3498 1119 3588 Maj.)
1132 3508 1294 3565 venerunt
1316 3502 1373 3568 alii
1393 3523 1429 3567 ex

140 3608 297 3674 Bohemia
319 3608 422 3673 nuntii
444 3609 486 3674 ad
515 3630 625 3693 regem
648 3628 721 3671 cnm
744 3605 846 3672 literis
876 3627 897 3671 a
919 3604 1084 3670 sexdecim
1108 3603 1247 3670 dominis
1270 3604 1430 3686 Bohemis,

146 3712 432 3800 nempeadomino
444 3711 564 3799 Spetle,
587 3733 607 3774 a
619 3710 748 3775 domino
763 3690 958 3796 dernbicky,
980 3731 1000 3772 a
1012 3706 1290 3773 dominoZdensk
1300 3709 1431 3788 Kostks,
1468 3790 1470 3813 Ι

146 3826 178 3882 et
199 3816 240 3882 ab
264 3816 335 3881 aliis
358 3815 533 3881 baronibus
556 3823 588 3879 et
611 3811 773 3900 equitibus
797 3810 869 3877 cum
893 3811 1009 3898 sigillis
1031 3811 1099 3877 fere
1122 3813 1285 3879 trecentis.
1316 3813 1425 3878 Altera

145 3922 208 4004 dis,
230 3919 383 3985 Mercurii
406 3940 533 4007 nempe,
557 3916 679 3981 domini
701 3915 741 3979 de
763 3914 963 4001 Rosenbsrg,
994 3923 1026 3979 et
1047 3914 1207 3979 cumillis
1230 3914 1285 3981 alii
1310 3915 1428 3982 domini

147 4035 179 4090 et
200 4026 323 4113 equites
346 4046 420 4089 cum
442 4021 635 4110 quibusdam
667 4019 802 4085 urbibus
836 4018 995 4084 secundas
1030 4020 1188 4082 miserunt
1216 4019 1329 4085 literas
1364 4042 1429 4087 cum
1467 3994 1470 4099 l

146 4130 262 4217 sigillis
296 4128 369 4216 plus
404 4149 500 4215 quam
537 4125 685 4190 ducentis
720 4124 964 4210 quinquaginta.
1018 4120 1166 4187 Tandem
1200 4123 1320 4188 iterum
1354 4124 1430 4189 alias
1468 4134 1470 4143 '

147 4235 263 4301 allatae
287 4241 361 4298 sunt
383 4232 496 4297 literae
526 4252 568 4295 ex
603 4229 750 4294 districtu
771 4227 1016 4292 Hradeoensia
1047 4225 1184 4292 statibus
1216 4225 1376 4293 baronum
1403 4235 1429 4293 et

148 4343 291 4430 equitum
313 4337 436 4424 aliquot
458 4342 623 4417 centenae,
661 4335 717 4421 qui
747 4338 939 4397 conventum
961 4329 1145 4396 babuerunt
1175 4332 1209 4394 in
1233 4310 1380 4418 (liceli05
1400 4331 1428 4396 bi

148 4468 261 4512 omnes
283 4446 318 4508 in
340 4442 443 4506 literis
466 4441 532 4504 suis
553 4438 622 4503 fere
643 4439 678 4502 in
698 4459 763 4501 uno
777 4458 874 4501 sensu
889 4443 1119 4516 convenerunt,
1141 4456 1253 4520 regom
1268 4449 1426 4523 rogantes,

147 4561 183 4617 ut
205 4552 233 4616 si
256 4545 496 4615 dominusLew
518 4564 592 4608 cum
613 4541 686 4608 aliis
708 4540 795 4628 apud
818 4539 916 4606 Suam
927 4539 1130 4624 Majestatem
1152 4539 1314 4628 quaedam
1336 4561 1426 4631 agero

144 4656 253 4738 vellet,
280 4654 316 4717 in
338 4672 435 4716 eausa
452 4651 574 4737 jurium
613 4656 671 4715 aut
692 4646 777 4729 fidei,
800 4644 855 4710 vol
875 4643 998 4731 aliquid
1020 4643 1126 4710 simile
1155 4645 1287 4711 nomine
1310 4657 1345 4713 et
1367 4648 1428 4715 loct
1468 4690 1470 4699 =

145 4762 247 4827 totirm
265 4758 362 4845 regni
376 4755 564 4841 Bohemiae,
586 4763 623 4820 ut
637 4753 717 4821 haec
729 4750 799 4818 Sua
819 4749 975 4836 Msjsetas
996 4749 1129 4817 credero
1148 4770 1216 4817 non
1236 4749 1427 4838 dignaretn,
