2948 5040
129 159 172 250 tt'

127 376 286 444 quaerens
322 357 426 442 magis
459 353 615 422 honorem
650 363 681 421 et
715 353 846 439 laudem
881 354 1092 443 temporalem
1125 370 1222 439 quam
1255 350 1415 435 divinum,

126 459 365 546 obsequebatur
385 459 457 547 plus
480 459 639 525 voluntati
661 458 825 525 hominum
847 459 988 546 plurium
1008 469 1040 525 et
1055 457 1142 524 idem
1170 455 1418 538 demonstravit,

125 561 202 629 dum
237 562 382 628 Joannes
418 561 551 628 Hlawsa
588 584 662 628 cum
696 560 891 650 quibusdam
920 562 993 628 aliis
1024 563 1059 626 in
1091 581 1189 626 causa
1210 560 1327 626 harum
1350 557 1419 624 dis·

124 666 306 734 cordiarum
328 688 439 754 regem
460 665 616 732 accedere
637 663 828 749 voluissent,
843 664 906 731 'ille
922 664 1102 754 impedivit,
1118 666 1311 751 promittens
1328 661 1418 751 quod

46 816 50 826 ·
124 773 248 839 ratione
271 772 366 861 hujus
387 773 436 836 rei
458 772 529 859 ipse
550 792 648 857 agere
671 769 758 859 apud
778 791 901 858 regem,
936 781 968 836 et
997 771 1172 858 impetrare
1193 768 1273 835 velit
1302 765 1420 832 melius

123 896 163 940 ac
185 876 288 960 citius,
305 897 402 963 quam
415 873 463 939 illi
487 874 564 959 soli;
592 874 752 963 quomodo
772 883 879 940 autem
894 874 1007 960 egerit,
1023 875 1059 938 in
1078 872 1186 939 reditu
1207 873 1312 959 ipsius
1328 879 1419 938 actus

124 977 367 1045 demonstravit.
411 978 501 1043 Dum
524 999 601 1065 ergo
624 1000 667 1043 ex
687 978 857 1064 Hungaria
878 976 1063 1061 redivisset,
1085 979 1274 1046 universum
1299 986 1418 1043 statum

123 1083 253 1151 civilem
275 1105 334 1172 pro
357 1082 410 1149 die
433 1083 647 1149 determinato
669 1083 809 1170 Pragam
831 1083 924 1148 citari
942 1083 1051 1170 jussit,
1087 1092 1123 1149 ut
1144 1105 1263 1170 nempe
1286 1081 1416 1169 legatos

125 1208 200 1254 suos
222 1188 362 1276 Pragam
384 1189 521 1267 mittant,
544 1196 576 1252 et
596 1195 767 1276 postquam
791 1188 1020 1254 convenissent
1041 1189 1076 1252 in
1099 1189 1189 1254 curia
1209 1187 1373 1272 Pragensi
1388 1187 1421 1251 in

35 1368 42 1382 ,
124 1291 196 1359 loco
209 1301 339 1358 senatus
352 1315 425 1359 cum
437 1292 584 1380 principe
596 1292 650 1357 die
661 1292 757 1358 lunae
769 1301 843 1380 post
852 1290 970 1356 festum
983 1291 1013 1359 S.
1025 1290 1234 1358 Elisabethae
1252 1290 1418 1379 (alnov.)

126 1396 205 1461 anni
226 1393 323 1483 hujus
347 1396 440 1480 1524,
464 1395 622 1461 allocutus
644 1394 705 1460 fuit
719 1397 871 1484 princeps
888 1394 1042 1483 populum
1056 1397 1266 1491 Prageusem,
1283 1393 1416 1461 dicens:

129 1499 216 1587 quod
237 1521 355 1589 nempe
378 1498 419 1564 de
442 1521 477 1564 se
500 1499 635 1583 dicatur,
660 1501 766 1586 egisse
789 1500 874 1588 apud
896 1524 1007 1590 regem
1039 1511 1151 1567 contra
1172 1499 1257 1578 illos,
1280 1499 1360 1566 huic
1380 1507 1416 1565 ut

124 1601 223 1668 fidem
257 1625 323 1667 non
355 1602 552 1687 adhibeant,
592 1603 649 1668 sed
687 1603 774 1691 quod
803 1605 970 1694 hucusque
1004 1629 1132 1693 semper
1168 1606 1277 1671 omnia
1311 1605 1418 1691 egerit

124 1729 183 1794 pro
205 1715 297 1794 parte
327 1716 359 1772 et
389 1705 474 1772 bono
507 1708 664 1795 ipsorum,
703 1716 858 1795 quantum
890 1711 953 1798 ipsi
991 1709 1147 1797 possibile
1178 1710 1247 1793 fuit,
1272 1719 1306 1774 et
1328 1707 1418 1797 quod

123 1809 220 1876 modo
242 1811 364 1898 pariter
391 1812 438 1876 ita
470 1813 583 1898 egerit.
627 1811 689 1876 His
722 1812 818 1876 dictis
846 1810 1032 1900 Pragenses
1056 1812 1196 1880 eundem
1218 1812 1421 1878 beneventa-

124 1925 209 1999 runt,
232 1916 353 2002 gratias
375 1915 424 1981 illi
441 1916 613 1982 humiliter
645 1925 789 2002 agentes,
825 1917 912 2004 quod
945 1917 1119 1984 humilians
1143 1939 1177 1984 se
1200 1919 1235 1983 in
1258 1916 1421 2003 dignitate

125 2042 192 2104 sua,
215 2022 250 2087 in
272 2019 358 2085 hunc
395 2019 502 2086 locum
531 2021 618 2085 inter
653 2021 743 2108 ipsos
773 2019 952 2105 advenerit,
984 2044 1080 2110 quem
1103 2022 1259 2088 honorem
1283 2031 1317 2086 et
1339 2023 1423 2087 ami·

125 2125 234 2191 citiam
257 2125 345 2215 quod
366 2125 551 2212 gratissimo
574 2124 883 2210 suscipiantanimo,
902 2123 1075 2214 offerentes
1091 2147 1127 2190 se
1149 2123 1190 2190 ad
1213 2124 1417 2191 omneobso·

124 2229 244 2316 quium.
290 2228 394 2295 Simul
416 2229 514 2293 etiam
537 2228 696 2315 ablegatis
717 2228 885 2294 civitatum
917 2227 1146 2296 beneventatio
1183 2229 1270 2295 facta
1291 2230 1366 2314 fuit,
1390 2239 1423 2296 et

123 2335 416 2421 gratiarumactio,
440 2331 526 2420 quod
549 2331 612 2397 huc
635 2335 855 2402 convenerint.
901 2333 929 2398 Ε
948 2343 1060 2400 contra
1081 2333 1224 2421 ablegati
1247 2335 1419 2401 civitatum

123 2448 348 2504 montanarum
370 2445 403 2501 et
424 2436 559 2501 aliarur‘n
580 2437 799 2521 insinuarunt,
823 2437 947 2504 lubenti
964 2439 1072 2504 animo
1089 2438 1150 2504 hoc
1170 2437 1293 2504 factum
1316 2439 1420 2506 fuisse

124 2541 166 2606 ad
186 2541 374 2607 mandatum
396 2540 530 2626 regium,
555 2539 616 2605 hoc
637 2548 807 2628 praeterea
829 2541 970 2628 ablegati
989 2541 1156 2627 addentes,
1181 2540 1268 2630 quod
1290 2551 1420 2629 gratum

124 2645 190 2711 illis
226 2644 339 2712 videre
374 2645 444 2728 erit,
480 2645 507 2708 si
540 2645 574 2709 in
609 2644 671 2710 hac
703 2645 784 2711 urbe
806 2645 1005 2713 adverterint
1033 2648 1118 2714 inter
1139 2648 1228 2735 ipsos
1262 2669 1416 2732 amorem,

125 2748 331 2815 concordiam
354 2755 387 2813 et
408 2749 560 2813 unionem
581 2747 703 2814 bonam
727 2740 861 2816 versari.

209 2852 341 2918 Deinde
361 2852 513 2940 princeps
535 2853 721 2935 insinuavit,
745 2852 832 2940 quod
854 2876 914 2919 rex
935 2854 984 2919 illi
1005 2853 1160 2920 mandare
1190 2852 1344 2938 dignatus
1364 2853 1417 2932 sit,

124 2967 160 3022 ut
180 2966 348 3044 utramque
379 2964 513 3044 partem,
547 2978 664 3044 nempe
692 2957 875 3041 Pragenses
909 2980 982 3023 cum
1012 2958 1152 3046 captivis
1183 2956 1282 3022 simul
1316 2978 1415 3022 eena-

124 3061 256 3144 toribus,
280 3061 469 3126 nominatim
502 3067 610 3124 autem
633 3081 706 3124 curn
728 3059 869 3126 Daniele
902 3062 1043 3147 Rausch,
1077 3064 1235 3149 magistro
1258 3061 1418 3128 Wences·

123 3166 175 3233 lao
198 3165 343 3248 Daniele,
366 3166 520 3250 magistro
543 3163 735 3251 Bryclzczio,
757 3164 884 3231 Joanne
906 3165 1076 3254 Erasymo,
1108 3177 1139 3233 et
1162 3165 1273 3232 Blasio
1303 3165 1418 3253 panni·

122 3270 184 3336 fice
207 3279 331 3336 secrete
353 3292 428 3336 cum
450 3269 609 3355 ablegatis
632 3291 675 3334 ex
698 3269 884 3335 civitatibus
919 3271 1081 3355 exaudiat,
1104 3271 1240 3349 addens,
1265 3280 1302 3336 ut
1324 3270 1416 3358 prius

122 3375 305 3461 Pragenses
328 3396 442 3439 causas
464 3372 538 3438 talis
562 3372 785 3439 commotionis
809 3384 840 3438 et
870 3374 1023 3439 tumultus
1045 3376 1129 3439 inter
1150 3373 1307 3460 populum
1331 3374 1412 3439 insi·

123 3487 232 3561 nuent,
257 3477 344 3565 quod
366 3479 447 3543 haec
469 3477 581 3542 audire
603 3478 693 3544 velit.
738 3478 830 3542 Tunc
852 3480 1007 3564 magister
1027 3478 1171 3543 Joannes
1199 3476 1326 3542 Passek
1345 3477 1417 3542 loco

124 3583 276 3666 conculis,
300 3590 431 3647 senatus
455 3591 487 3647 et
509 3580 710 3669 quorundam
726 3583 965 3647 communitatis
982 3583 1153 3663 seniorum,
1183 3580 1306 3647 ibidem
1324 3602 1416 3669 prae·

125 3689 264 3752 sentium
286 3685 375 3773 loqui
398 3687 522 3772 coepit,
545 3686 679 3752 dicens:
703 3684 789 3773 quod
812 3709 924 3752 omnes
951 3687 1013 3752 sibi
1035 3684 1310 3773 congratulentur,
1335 3684 1412 3750 dum

123 3791 205 3856 haec
226 3789 332 3855 audiri
354 3799 515 3877 petuntur,
538 3813 579 3855 ne
601 3812 710 3855 rumor
733 3789 927 3877 divulgetur,
964 3799 996 3855 et
1022 3792 1086 3878 ipsi
1109 3789 1327 3878 suspicionem
1349 3810 1415 3855 non

123 3897 296 3973 incurrant,
318 3895 406 3983 quod
428 3904 540 3962 contra
561 3895 634 3960 illos
657 3896 813 3983 captivos,
848 3899 901 3983 qui
927 3898 959 3962 iu
1003 3892 1189 3961 carceribus
1219 3890 1414 3976 detinentur,

122 4009 178 4066 aut
199 4001 255 4087 qui
277 4022 320 4065 ex
340 3999 422 4065 urbe
445 4000 536 4065 exire
553 4001 638 4088 jussi
661 4010 745 4083 sunt,
768 4002 838 4065 sine
861 4022 960 4067 causa
982 4001 1118 4086 egerint,
1142 3995 1200 4063 sed
1224 4018 1307 4084 quae
1330 4019 1416 4063 com·

76 4156 85 4171 ,
123 4106 289 4187 miserunt,
313 4114 345 4170 et
367 4126 450 4192 quae
473 4105 514 4169 de
536 4104 601 4169 illis
625 4105 746 4192 scripta
769 4106 948 4191 sunt,hacc
968 4101 1260 4186 ve1·aesse,nullus
1281 4100 1416 4167 dubitet.

123 4207 270 4275 Tandem
286 4209 456 4294 jusserunt
486 4208 554 4294 legi
585 4208 697 4274 literas
730 4211 848 4296 regias,
881 4210 915 4273 in
949 4208 1066 4296 quibus
1088 4230 1150 4272 rex
1171 4204 1352 4290 mandavit,
1374 4226 1416 4272 ne

122 4312 319 4379 Pickhartae
354 4322 385 4378 et
416 4311 596 4377 Lutherani
628 4314 663 4377 in
695 4313 776 4378 urbe
798 4313 956 4398 Pragensi
979 4310 1165 4394 tolerentur,
1203 4311 1412 4400 quodetiam

122 4439 181 4506 per
203 4417 350 4484 dominos
373 4416 498 4503 legatos
522 4417 607 4483 Suae
618 4417 739 4505 Regiae
760 4418 949 4505 Majestatis,
970 4426 1066 4506 prout
1072 4418 1142 4506 jam
1163 4419 1252 4505 prius
1268 4418 1304 4482 in
1319 4437 1412 4484 reno·

120 4523 252 4590 vatione
275 4530 415 4606 senatus,
437 4519 519 4586 illud
555 4521 742 4587 mandatum
765 4522 834 4603 fuit,
864 4543 979 4587 verum
1012 4521 1060 4586 illi
1083 4523 1222 4608 captivis
1247 4521 1336 4608 quod
1359 4520 1410 4586 his

122 4627 292 4711 mandatis,
316 4625 464 4710 decretis,
487 4626 588 4692 literis
612 4649 647 4690 sc
669 4626 887 4714 opposuerint,
918 4635 950 4691 et
970 4626 1044 4692 ficri
1066 4647 1105 4691 ac
1129 4626 1247 4712 exequi
1274 4624 1412 4713 impedi·

123 4733 235 4800 verint,
284 4730 371 4811 Quid
405 4731 539 4796 ulterius
572 4731 697 4796 Passek
723 4745 804 4796 'cum
827 4739 917 4819 parte
951 4732 1099 4819 opposita
1121 4729 1183 4797 sibi
1214 4728 1414 4796 adhaerente
