2948 5040
1276 148 1346 239 ιιι

44 338 255 410 contradicit.
298 339 360 406 His
383 340 482 406 etiam
502 339 702 428 temporibus
724 338 816 429 apud
834 337 990 430 quosdam
1011 339 1171 443 parochos
1206 339 1261 407 hic
1280 340 1347 410 loci

51 447 173 515 similia
194 445 453 531 inveniebantur,
485 445 543 512 ubi
565 468 608 512 ex
637 444 836 533 obligatione
868 442 1019 534 exemplo
1052 432 1197 512 veterum
1220 462 1352 517 suorum

48 551 339 643 praedecessorum
362 550 469 638 legem
491 550 553 617 Dei
585 548 669 618 tu'eri
690 550 889 635 debuissent,
925 549 1078 616 interim
1089 550 1326 620 induxerunt
1315 571 1350 619 m

40 679 127 724 ‚eam
149 663 379 745 contemptum
424 654 460 722 Si
483 656 555 743 quis
578 678 614 722 se
636 657 804 725 revocavit
825 654 980 740 adhaec,
1004 655 1090 742 quod
1113 679 1148 722 se
1169 658 1250 725 velit
1270 657 1351 726 diii·

51 783 131 849 gere
152 760 330 827 secundum
352 759 459 847 legem
482 757 604 826 christi
637 770 671 827 et
693 763 886 850 scripturam
915 784 1061 847 sacram3
1086 773 1118 830 et
1136 751 1239 828 locuti
1214 773 1361 859 tsuut

51 874 87 932 et
107 853 345 953 respondeumt
365 863 415 930 illi
437 863 648 952 sequentibus
670 867 766 932 novis
786 865 973 950 infidelibus
996 874 1028 932 et
1048 812 1221 936 haereticis
1243 870 1348 939 sauci

52 970 118 1037 hus
152 978 185 1035 et
205 968 325 1053 verbis,
360 967 445 1056 quod
467 968 663 1036 Pickhartae
695 979 727 1036 et
747 969 895 1041 homines
928 969 1083 1038 haeretici
1118 973 1292 1061 plurimum
1314 996 1351 1042 se

53 1079 130 1162 lege
162 1074 226 1140 Dei
249 1072 434 1158 defendant,
469 1076 561 1161 quasi
593 1084 722 1163 praeter
754 1075 838 1142 hanc
872 1074 956 1142 nihil
988 1079 1132 1144 securius
1163 1089 1196 1144 ιι
1228 1076 1350 1146 certius
1401 1091 1404 1096 ’

58 1178 229 1263 haberent,
252 1178 386 1246 ethaeo
409 1185 458 1245 est
481 1178 659 1249 clarissima
680 1178 814 1247 falsitas.

599 1387 747 1456 oAPur
771 1389 822 1455 12

54 1501 92 1560 In
117 1517 178 1602 quo
200 1503 307 1562 author
329 1498 419 1576 hujus
443 1497 515 1556 libri
539 1498 659 1558 cuilibet
681 1499 836 1560 hominum
859 1462 1062 1560 deliberationi
1095 1507 1124 1560 ιι
1146 1488 1353 1578 dijudicationi
1439 1494 1443 1501 ’

55 1587 225 1666 committit,
259 1607 298 1649 an
325 1579 414 1666 juste
442 1583 490 1643 his
519 1585 694 1647 hominibus
722 1585 932 1647 innocentibus
953 1586 1089 1665 ἱιῄιιιιιιι
1109 1585 1197 1647 fuerit
1229 1589 1350 1649 illurn·

516 1672 640 1737 structio
662 1680 713 1733 ιιι
734 1673 896 1735 ιιιοιιιίο.
1167 1695 1170 1701 ·

141 1799 207 1868 Ubi
229 1799 263 1864 in
286 1795 457 1865 scribendo
479 1795 690 1863 brevissimus
713 1819 787 1865 esse
808 1797 938 1882 vellem,
971 1805 1039 1863 hum
1061 1819 1162 1885 cogor
1182 1799 1216 1864 in
1238 1796 1349 1867 verbis

56 1926 131 1972 esse
152 1904 340 1979 laxissimus
376 1910 408 1968 et
419 1901 645 1989 amplissimus,
669 1904 831 1970 animatus
853 1926 897 1969 ex
913 1905 1005 1992 justa
1027 1924 1128 1969 causa
1148 1902 1352 1970 adrscriben·
1424 1936 1427 1941 ·

56 2007 146 2094 dum,
183 2019 214 2080 et
246 2008 323 2075 licet
343 2007 528 2097 praeterire
544 2006 704 2094 quaedam
733 2006 862 2092 vellem,
898 2016 966 2074 ιιιιιι
988 2007 1079 2092 haee,
1115 2030 1198 2096 quae
1220 2030 1299 2075 vera
1319 2016 1352 2075 et

42 2117 216 2185 memoria
249 2115 350 2202 digna
372 2120 455 2196 sunt,
491 2112 638 2178 omittere
660 2111 794 2178 difficile
829 2120 887 2179 est
931 2111 1038 2178 Orode
1072 2110 1159 2200 quod
1187 2111 1262 2179 talis
1285 2134 1354 2179 eor·

57 2221 160 2288 rectio
193 2229 227 2287 et
247 2217 418 2286 instructio
440 2235 478 2281 ac
500 2217 665 2281 revocatio
680 2216 715 2281 in
730 2215 850 2304 templo
866 2214 1052 2283 hominibus
1072 2217 1226 2305 imposita
1248 2215 1355 2303 fuerit,

65 2306 256 2414 quodmulti
268 2331 381 2390 contra
410 2342 445 2386 se
456 2320 550 2385 fateri
563 2318 744 2404 debuerint,
768 2328 801 2385 et
814 2337 970 2387 revocare
986 2321 1056 2386 sine
1070 2320 1137 2387 ullo
1155 2329 1357 2409 argumento,

66 2437 99 2496 et
119 2428 185 2517 ulla
207 2438 321 2496 contra
353 2426 427 2493 illos
459 2425 536 2490 data
565 2432 620 2491 aut
656 2424 743 2491 faeta
776 2425 979 2514 probatione,
1003 2427 1096 2516 cujus
1119 2449 1291 2519 nunquam,
1305 2428 1356 2521 rei

61 2535 202 2619 fuerunt,
226 2532 284 2600 sed
306 2531 497 2622 praesertim
523 2530 626 2596 coacti
648 2528 730 2597 haec
753 2530 900 2618 proferre
923 2529 1114 2616 debuerunt,
1136 2540 1188 2597 ut:
1232 2531 1301 2598 Nos
1323 2528 1358 2596 iu

59 2639 226 2708 erroribus
257 2638 452 2726 deprehensi
482 2647 563 2723 etc.;
586 2636 706 2706 deinde
740 2636 829 2728 quod
851 2637 893 2705 de
918 2637 1068 2705 manibus
1098 2638 1279 2705 infidelium
1301 2658 1357 2705 sa-

57 2740 260 2815 cramentum
289 2743 502 2810 eucharistiae
535 2742 748 2830 sumpserint,
769 2752 894 2820 ,contra
915 2745 1151 2810 institutionem
1189 2752 1222 2809 et
1261 2734 1359 2810 ritum

59 2851 230 2919 ecclesiae.
273 2849 348 2915 Hoc
371 2849 457 2915 euim
480 2869 647 2936 nunquam
668 2848 921 2932 consistoriales,
953 2870 1016 2915 neo
1036 2848 1121 2913 ullus
1144 2847 1228 2913 alius
1252 2861 1357 2915 sacer-

59 2952 192 3022 dotibus
213 2955 321 3041 Praga
355 2953 493 3039 egressis
522 2951 661 3039 probare
694 2960 878 3072 potuerunt,
917 2952 1003 3040 quod
1037 2959 1150 3017 contra
1185 2960 1359 3047 utrumque

60 3059 187 3147 aliquid
210 3058 457 3139 commisissent,
480 3077 541 3120 nee
564 3055 635 3141 hoo,
660 3055 778 3144 quod
769 3057 833 3145 ipsi
856 3079 891 3122 se
907 3057 1006 3145 juxta
1027 3064 1199 3144 utrumque
1220 3056 1361 3123 fideliter

61 3172 179 3255 gerant
200 3164 378 3230 seeundum
408 3161 515 3247 legem
538 3159 670 3228 christi.
714 3161 863 3228 Tandem
885 3160 1021 3227 ulterius
1055 3161 1145 3248 loqui
1168 3160 1360 3248 debuerunt,

62 3268 152 3359 quod
171 3268 270 3337 fidem
292 3269 386 3344 hanc,
417 3289 515 3353 quam
536 3265 592 3332 alii
614 3264 767 3333 dixerunt
789 3288 861 3332 esse
891 3288 1003 3333 veram
1034 3253 1145 3333 christ
1124 3277 1254 3351 transm,
1290 3268 1361 3334 sine

62 3381 154 3440 recta
175 3371 367 3463 probatione
389 3369 501 3455 libere,
525 3370 613 3437 clare
636 3381 667 3436 et
682 3370 866 3438 voluntarie
887 3370 1109 3459 profiteantur
1154 3362 1363 3470 Qualishaeo

62 3479 169 3569 potuit
190 3500 263 3543 esse
283 3476 426 3561 libertas,
463 3483 496 3541 et
517 3475 649 3564 propria
670 3475 843 3560 voluntas,
865 3497 939 3542 cum
960 3475 1055 3542 aliter
1085 3476 1127 3543 ab
1149 3474 1213 3542 hac
1236 3464 1360 3544 correc-

63 3583 153 3650 tione
184 3590 215 3649 et
236 3583 447 3649 instructione
469 3579 602 3647 liberari
622 3602 689 3646 non
710 3582 884 3671 potuerint,
906 3583 971 3648 nisi
991 3581 1047 3650 vel
1061 3582 1245 3650 decivitate
1264 3584 1361 3674 pulsi,

65 3687 122 3758 vel
145 3688 291 3756 earnifici
314 3696 347 3754 et
368 3685 536 3754 lictoribus
558 3687 592 3751 in
615 3707 729 3751 manus
752 3685 861 3752 traditi
882 3685 1030 3765 fuissent,
1052 3696 1108 3752 aut
1127 3687 1241 3755 ultimo
1263 3689 1360 3778 plane

63 3796 100 3861 in
121 3815 200 3881 rogo
223 3793 383 3861 combusti
405 3792 550 3875 fuissent,
574 3792 658 3858 sicut
680 3789 874 3880 quibusdam
895 3791 1016 3858 factum
1037 3791 1107 3860 fuit.
1126 3808 1128 3813 '
1149 3790 1298 3860 Tandem
1310 3783 1363 3862 ⁴ad

62 3898 146 3965 haec
167 3898 244 3964 dum
266 3898 460 3981 devenisset,
484 3906 516 3964 et
536 3896 684 3963 homines
706 3895 756 3964 illi
776 3897 822 3962 ita
844 3899 933 3964 varie
954 3905 1174 3964 assenserunt.
1205 3897 1359 3980 Quis'un·

65 4026 163 4093 quam
185 4004 311 4070 audivit
331 4004 397 4070 tale
419 4004 546 4092 justum
562 4001 735 4091 judicium,
768 4003 839 4069 sive
860 4003 1037 4086 saeculare,
1070 4003 1140 4069 sive
1163 4002 1362 4073 ecclesiasti-

66 4130 152 4193 eum,
175 4117 212 4174 ut
230 4108 325 4175 homo
341 4107 461 4194 corrigi
476 4109 511 4173 in
526 4107 592 4173 fide
608 4106 742 4174 deberet
759 4107 815 4173 tali
833 4105 1171 4196 suprascriptomod03
1202 4108 1263 4175 hoc
1278 4111 1366 4176 enim

65 4212 138 4279 fieri
160 4211 329 4281 debuisset
361 4225 473 4283 contra
503 4202 615 4283 sanam
636 4218 805 4300 rationem,
838 4217 903 4283 imo
927 4224 1039 4282 contra
1072 4215 1178 4302 legem
1200 4218 1277 4304 Dei,
1311 4220 1364 4287 cui

67 4317 144 4408 plus
166 4317 301 4384 credere
337 4330 471 4408 oportet,
507 4344 605 4411 quam
639 4320 787 4387 omnibus
820 4320 1007 4388 hominibus
1040 4331 1175 4409 peccato
1198 4323 1363 4415 subjectis.

69 4422 309 4511 Argumentum
332 4423 429 4514 hujus
452 4435 510 4511 est,
536 4426 655 4516 quod
645 4448 717 4517 rpsa
736 4427 821 4493 ιιιὶο
844 4428 1043 4494 contrarium
1064 4420 1175 4511 dictet,
1153 4434 1233 4493 tut
1248 4427 1365 4516 aliquis

69 4526 205 4595 deberet
238 4529 340 4596 verba
371 4530 481 4598 audita
513 4554 670 4600 revocare
704 4540 736 4598 et
768 4531 853 4599 de
843 4555 915 4622 ipso
946 4531 1036 4619 loqui
1068 4532 1121 4598 vel
1143 4529 1184 4597 de
1207 4530 1323 4598 alio
1296 4555 1366 4600 srne

69 4634 205 4755 praevia
226 4633 460 4703 deliberatione
483 4644 515 4701 et
531 4635 667 4725 judicio,
701 4659 743 4703 an
764 4659 817 4703 res
832 4637 879 4703 ita
895 4659 931 4704 se
957 4636 1078 4702 habeat
1098 4632 1153 4701 vel
1173 4657 1256 4724 non,
1280 4636 1368 4724 quod

70 4739 108 4807 in
128 4761 254 4843 errores
287 4749 343 4811 aut
375 4739 441 4810 alia
472 4741 626 4811 seductus
659 4741 767 4831 tuerit,
796 4741 983 4835 judicanda
1001 4741 1116 4826 illum,
1147 4737 1196 4910 ἓξ
1224 4761 1295 4825 (ιιι
1313 4740 1399 4821 essse
