2948 5040
52 334 224 393 stratorem
248 326 371 391 electus
392 324 494 406 tristi,
514 330 623 389 tecum
647 323 713 389 solo
736 325 771 389 in
793 323 958 412 Teynensi
986 325 1141 413 parocbia
1163 323 1341 393 collocutus

51 429 111 512 lui,
145 429 201 495 ubi
215 466 219 473 ·
234 426 424 516 praesertim
455 427 496 493 de
517 426 657 492 Martino
677 418 821 495 Luthero
850 420 971 499 mentio
1003 426 1090 494 facte
1119 426 1190 514 fuit,
1223 429 1346 496 ibidem

52 532 164 599 omnia
185 531 337 619 dogmata
359 531 505 619 ejusdem
527 530 666 597 laudasti
700 541 925 599 et'veneratus
947 533 1048 616 fuisti,
1070 535 1262 620 praesertim
1284 534 1347 600 boc

52 654 220 703 asserens:
243 636 327 703 bene
350 657 447 722 agere
469 635 656 718 Luther'um,
681 635 766 723 quod
789 636 947 725 populum
966 660 987 702 a
1007 637 1126 727 papali,
1169 639 1347 728 episcopali

54 752 89 808 et
110 740 249 808 aliorum
271 740 437 806 hominum
460 740 611 827 dogmate
628 750 674 815 ⁴et
706 741 933 815 constitutione
962 741 1111 825 abducat,
1146 751 1178 808 et
1205 742 1292 830 quod
1312 744 1348 809 in

54 847 126 913 sola
149 847 223 933 lege
245 846 320 929 Dei,
342 852 454 931 utpote
474 866 554 910 vero
574 843 784 910 fundamento
816 845 972 934 populum
993 845 1108 911 fundet
1141 855 1173 912 et
1194 844 1347 932 stabiliet,

55 972 123 1018 non
145 973 224 1018 vero
246 951 281 1015 in
303 947 495 1013 Antichristi
516 947 643 1014 fabulis.
676 949 765 1014 D'um
786 957 819 1015 te
840 958 947 1031 autem
970 949 1207 1016 admonuissem
1229 951 1264 1015 in
1286 951 1360 1035 his,

55 1056 192 1122 dicens:
215 1053 357 1136 attende,
390 1053 546 1137 magister
568 1051 670 1136 Galle,
703 1052 912 1141 ut-populum
945 1054 1063 1120 doceas
1093 1063 1126 1121 et
1147 1054 1292 1121 stabilias
1313 1057 1348 1121 in

57 1183 136 1227 vero
149 1159 368 1249 =fundamento
391 1158 522 1224 divinae
543 1157 635 1244 legis,
670 1167 702 1222 et
724 1160 882 1246 scriptura
903 1180 942 1224 ae
964 1159 1103 1224 lectione
1123 1158 1204 1224 Jesu
1216 1157 1347 1245 Christi,

58 1266 160 1331 etiam
193 1265 360 1329 discernas
382 1263 466 1327 inter
497 1286 550 1328 res
583 1261 821 1347 substantiales,
856 1283 966 1329 sacras
996 1270 1029 1329 et
1059 1262 1204 1347 serviles,
1242 1285 1348 1351 segre-

53 1370 167 1458 gando
190 1368 318 1454 abjecta
339 1391 360 1433 a
381 1369 485 1446 bonis,
508 1390 590 1455 pura
611 1368 652 1434 ab
675 1368 821 1456 impuris,
847 1376 959 1433 sancta
980 1389 1000 1432 a
1020 1367 1214 1453 maledictis,
1236 1377 1273 1434 ut
1293 1368 1347 1435 de·

56 1497 147 1541 seras
181 1475 423 1539 constitutiones
444 1472 579 1560 papales
600 1472 751 1555 incertas,
781 1471 847 1558 legi
877 1472 1009 1538 divinae
1042 1473 1226 1540 contrarias.
1274 1472 1348 1554 Quo

56 1589 205 1670 tempore
230 1580 339 1644 omnia
372 1576 451 1643 mibi
486 1576 681 1661 dilaudasti,
707 1577 894 1643 dilationem
926 1575 987 1642 tibi
1025 1585 1148 1642 tantum
1180 1599 1349 1643 assumens

54 1684 99 1751 ed
126 1684 300 1749 terminum
323 1683 357 1749 S.
379 1682 511 1747 Martini
532 1683 617 1746 intra
646 1703 706 1747 sex
727 1683 924 1770 septimanas
945 1680 1055 1747 abillo
1075 1689 1229 1771 tempore,
1263 1681 1349 1770 quod

57 1789 167 1856 omnia
189 1786 272 1854 velis
294 1788 328 1851 in
349 1785 594 1852 fundamentum
620 1808 735 1852 verum
757 1785 904 1851 lectionis
927 1807 1039 1851 sacrae
1068 1786 1237 1870 collocare,
1273 1809 1347 1853 con·
1399 1818 1402 1823 ·

56 1895 238 1959 stitutiones
279 1891 445 1963 hominum
477 1900 509 1956 et
543 1889 753 1973 Antichristi,
787 1901 820 1955 et
856 1893 943 1956 omni
975 1890 1071 1957 modo
1084 1901 1116 1956 et
1132 1891 1348 1979 possibilitate

56 2000 186 2065 diruere
219 2007 251 2063 et
278 1996 443 2062 destruere
475 1995 625 2061 intendas
636 2045 645 2079 ,
683 2004 778 2082 prout
810 1998 907 2062 etiam
939 1997 985 2061 ita
1016 1996 1137 2062 factum
1169 1996 1231 2062 fuit
1267 2006 1343 2063 ante

55 2111 195 2191 etpost,
228 2123 293 2167 non
315 2103 412 2188 longo
433 2109 577 2188 tempore
599 2108 728 2180 tamen,
750 2099 805 2167 ubi
843 2100 983 2182 dixeras,
1008 2110 1040 2166 et
1074 2101 1109 2165 in
1131 2100 1342 2167 concionibus

58 2211 124 2276 tuis
162 2228 278 2296 papam
313 2215 345 2270 et
378 2205 547 2293 episcopos
579 2192 796 2269 Antichristos
832 2225 905 2270 esse
948 2204 1190 2292 declaraveras,
1223 2207 1347 2292 dicens,

60 2312 138 2378 illos
170 2334 239 2378 esse
261 2310 435 2398 prophetas
464 2309 574 2393 falsos,
607 2316 640 2374 et
672 2308 796 2375 nullum
818 2308 940 2375 debere
962 2332 1094 2379 servare
1125 2334 1237 2379 eorum
1265 2311 1349 2379 ¹con·

64 2417 242 2483 stitutiones
264 2426 297 2482 et
317 2416 522 2485 inventiones
545 2423 630 2480 etc*
657 2464 663 2474 .
717 2462 727 2469 -
1095 2440 1098 2447 ·

147 2520 319 2590 Secundo:
341 2519 535 2602 Recordare,
557 2518 712 2606 magister
722 2484 828 2595 Galle,
852 2528 884 2584 et
904 2520 1032 2606 respice
1054 2521 1185 2586 comitia
1205 2521 1263 2587 illa
1277 2542 1351 2587 curn

60 2648 225 2694 consensu
246 2626 334 2712 regis
356 2623 398 2690 ab
421 2624 570 2691 omnibus
591 2626 685 2712 regni
708 2626 844 2691 statibus
878 2626 990 2693 habita
1025 2631 1061 2696 in
1097 2628 1152 2694 die
1172 2628 1351 2697 Purificati·

59 2733 132 2798 onis
166 2730 243 2797 anni
276 2727 502 2818 praecedentis
532 2728 629 2808 1524,
650 2727 707 2795 ubi
729 2739 763 2797 tu
786 2732 891 2818 primo
914 2754 987 2799 cum
1010 2735 1098 2801 clero
1120 2743 1175 2800 tuo
1197 2735 1351 2802 articulos

59 2836 211 2905 adhaec
244 2835 376 2901 comitia
407 2836 609 2900 necessarios
639 2834 820 2901 fructuosos
855 2845 887 2902 et
916 2836 1099 2904 salutiferos
1120 2841 1351 2928 conscripsisti,

57 2950 97 3006 et
119 2938 274 3007 omnibus
296 2935 433 3004 statibus
456 2938 498 3003 ad
520 2937 766 3013 deliberandum
786 2939 958 3024 tradidisti,
981 2941 1098 3028 quibus
1121 2963 1232 3008 omnes
1250 2951 1352 3008 status

63 3053 310 3128 consenserunt,
333 3066 388 3111 eos
412 3043 642 3109 confirmarunt
663 3052 699 3110 et
717 3044 953 3129 collaudamus,
985 3055 1168 3112 asserentes
1190 3046 1264 3114 illos
1278 3069 1351 3115 esse

55 3149 245 3217 secundum
276 3149 384 3236 legem
411 3145 487 3233 Dei,
520 3148 618 3215 etiam
640 3148 782 3237 imprimi
825 3157 858 3215 et
877 3151 913 3215 in
946 3151 1174 3216 communitate
1203 3149 1353 3218 distribui

66 3277 122 3322 ecs
141 3256 319 3343 jusserunt.
364 3253 437 3336 Qua
458 3253 500 3319 de
522 3275 629 3336 causa,
651 3254 899 3341 conscriptionis
927 3277 1045 3344 nempe
1067 3255 1162 3343 hujus
1185 3254 1353 3323 ethorum

60 3360 275 3427 articulorum
295 3352 486 3429 idoneorum
507 3368 578 3425 ate
600 3358 758 3426 editorum
787 3368 889 3426 status
915 3382 1027 3428 omnes
1049 3362 1244 3428 unanimiter
1263 3369 1296 3428 te
1317 3363 1353 3429 in

59 3466 361 3532 administratorem
394 3465 568 3552 elegerunt,
601 3473 779 3552 sperantes,
807 3474 841 3531 te
867 3464 998 3532 fidelem
1030 3475 1064 3532 et
1084 3474 1285 3553 constantem
1316 3469 1353 3534 in

62 3572 206 3649 ‚veritate
228 3571 310 3656 legis
333 3569 473 3646 divinae,
506 3568 755 3655 quodotticium
776 3569 908 3636 tandem
933 3570 1143 3658 lacrymando
1165 3558 1348 3658 suscepisti,

62 3677 254 3764 promittens
276 3674 466 3741 fidelitatem
488 3685 521 3738 et
550 3675 763 3740 constantiam
784 3673 858 3741 Deo
881 3685 914 3741 et
940 3675 1127 3742 hominibus
1158 3677 1193 3742 in
1214 3678 1352 3743 veritate

61 3780 145 3867 legis
168 3779 299 3846 divinae
331 3788 365 3845 et
384 3779 522 3845 lectione
552 3800 654 3862 sacra,
685 3778 781 3846 simul
802 3779 844 3847 ab
866 3778 1016 3845 omnibus
1038 3778 1173 3846 statibus
1195 3780 1352 3869 petivisti,

62 3897 97 3952 ut
119 3884 256 3952 consilio
280 3889 312 3950 et
332 3884 455 3952 auxilio
470 3882 530 3949 tibi
551 3885 616 3950 sint
635 3882 670 3949 in
685 3881 835 3950 omnibns
849 3883 941 3950 bonis
964 3883 1142 3950 secundum
1156 3882 1264 3971 legem
1278 3882 1350 3951 Dei.

148 3990 289 4078 Respice
316 4012 414 4072 nunc,
448 3989 549 4055 miser
571 3987 677 4068 Galle,
700 4010 763 4076 quo
785 3988 827 4055 ab
849 3988 900 4055 his
920 3989 1018 4075 longe
1040 3988 1206 4076 digressus
1240 3985 1352 4074 fueris,

57 4104 95 4158 et
118 4117 183 4182 qno
204 4094 386 4161 deveneris.
434 4093 503 4159 Imo
532 4092 719 4182 priusquam
756 4091 797 4158 ab
830 4092 881 4160 his
915 4093 1054 4159 comitiis
1086 4092 1249 4181 quadrans
1272 4094 1351 4160 anni

61 4198 318 4284 praeterivisset,
354 4196 435 4264 haec
472 4197 580 4263 omnia
600 4196 687 4264 bona
710 4203 742 4261 et
775 4195 927 4262 articulos
949 4206 1062 4284 perte
1085 4195 1189 4263 editos
1212 4197 1352 4285 ipsemet

62 4301 270 4386 destruxisti,
313 4300 466 4385 obruisti,
501 4301 574 4367 illos
611 4300 753 4366 derisisti
799 4308 831 4364 et
868 4301 1099 4388 contempsisti,
1143 4308 1257 4367 contra
1277 4301 1352 4368 illos

60 4404 277 4495 praedicasti,
309 4405 471 4484 haereses,
505 4426 630 4473 errores
646 4400 870 4471 Piokbarticos
902 4403 976 4470 illos
999 4403 1220 4493 compellasti;
1265 4405 1354 4493 apud

60 4510 218 4600 populum
238 4512 273 4576 in
295 4531 450 4577 nauseam
472 4508 647 4592 deduxisti,
670 4516 703 4575 et
723 4509 769 4574 ita
779 4508 992 4595 ignominiam
1011 4510 1047 4575 in
1069 4511 1239 4597 teipsum,
1264 4517 1297 4574 et
1316 4508 1352 4577 in

62 4615 197 4687 comitia
229 4613 371 4680 omnium
428 4622 567 4680 statuum
600 4610 792 4679 notabilium
825 4609 1027 4678 dominorum
1054 4613 1149 4698 regni
1171 4611 1350 4678 Bohemiae

60 4719 236 4789 attraxisti.
259 4717 427 4815 Ou-Galle!
466 4719 538 4804 quis
561 4717 664 4787 bonus
687 4715 746 4783 tibi
779 4715 912 4785 credere
934 4719 1032 4802 ausit,
1066 4717 1150 4783 dum
1165 4736 1236 4782 nec
1255 4738 1371 4781 ninum
