2948 5040
135 316 349 390 noluit'siout
368 317 501 387 bonum
544 318 639 387 Alios
659 319 739 386 item
754 320 909 410 expulsos
928 341 973 387 ex
988 320 1124 389 civitste
1137 327 1333 405 maerent,
1356 322 1429 413 quis

134 423 425 517 quemvoluerunt,
446 424 538 490 illum
549 422 729 513 quemlibet
749 447 809 514 pro
830 424 1009 492 Piclsbarta
1028 435 1243 513 agnoverunt,
1264 427 1376 514 Μία
1389 448 1432 495 ox

132 527 267 614 malitia,
291 551 387 619 quam
409 527 611 616 probatione.
653 528 828 595 Praeterea
848 530 937 597 citra,
951 530 1152 599 voluntatem
1169 531 1296 618 regipm
1319 530 1431 605 Vitem

134 633 248 718 Metu,
284 633 415 699 Petrum
446 633 555 715 Nutu,
585 631 736 699 Dnikar'n
766 633 897 724 Kaplua
925 634 1016 701 cives
1038 656 1115 703 suos
1134 635 1336 723 relegarent,
1359 646 1433 724 post

134 748 286 827 acceptas
319 738 430 804 literas
452 739 562 823 regias
590 736 749 804 malitiam
782 760 875 804 suam
905 738 1144 823 confirmantes,
1179 741 1250 807 sive
1270 739 1349 827 regi
1378 748 1433 807 aut

134 843 208 909 aliis
229 843 362 934 placuit,
387 843 457 908 sive
479 841 657 932 displicuit
1265 882 1268 887 ·

681 1012 880 1103 cerunt

125 1235 195 1297 Ubi
218 1239 347 1308 notatur,
377 1231 457 1308 quod
479 1228 617 1291 dominus'
639 1229 713 1291 Low
735 1230 856 1291 domino
885 1230 1021 1291 Henrico
1052 1232 1090 1293 de
1120 1230 1298 1313 Rossnberg
1334 1250 1427 1291 came·

18 1396 22 1403 ,
133 1322 247 1393 rarium
270 1339 336 1380 cum
359 1317 455 1378 literis
478 1315 652 1379 defensoriis
674 1317 800 1393 miserit,
823 1319 947 1396 etquid
970 1316 1081 1378 ibidem
1096 1318 1430 1380 huiesamersrieeon·

134 1408 248 1488 tigerit.
277 1407 355 1467 Item
388 1407 484 1465 denuo
515 1423 570 1463 rex
592 1405 765 1465 Ludovicus
787 1405 894 1464 literas
917 1406 1121 1482 Progensibus
1144 1405 1176 1464 in
1200 1423 1295 1466 cansa
1316 1407 1429 1491 relega·

576 1499 674 1552 torum
697 1492 884 1554 transmittit.
923 1493 1014 1554 1526.

215 1589 465 1661 Imminentibus
487 1612 566 1657 vero
595 1590 1084 1680 quadragesimalibus-quatuor
1106 1590 1309 1679 temporibus
1331 1593 1430 1681 priori

132 1699 218 1765 malo
256 1696 392 1764 accessit
414 1694 514 1775 aliud,
546 1693 624 1760 dum
656 1717 776 1784 nempe
798 1696 949 1761 dominus
971 1694 1050 1763 Lew
1072 1717 1092 1761 e
1112 1697 1207 1782 regni
1222 1695 1353 1784 judicio
1375 1716 1431 1785 pro

133 1813 212 1868 tuno
234 1801 397 1868 celebrato
420 1799 462 1865 ab
485 1800 594 1866 officio
617 1801 706 1866 misit
727 1800 808 1866 duos
831 1801 1027 1866 camerarios
1061 1821 1134 1866 cum
1157 1799 1260 1866 literis
1284 1800 1430 1868 defenso·

134 1890 256 1972 riis‘ad
285 1905 455 1972 dominum
467 1903 647 1970 Henricum
670 1905 713 1970 de
733 1904 924 1991 Rosenberg
945 1907 980 1971 in
1002 1903 1180 1971 Krumlow.
1203 1904 1297 1986 Quas
1318 1904 1429 1972 literas

131 2013 208 2079 dum
230 2010 424 2100 perlegisset
456 2009 545 2075 idem
578 2008 729 2075 dominus
753 2008 796 2075 de
828 2009 1030 2096 Rosenberg,
1065 2008 1197 2077 eosdem
1229 2012 1429 2077 camerarios

130 2117 328 2184 incarcerari
345 2116 454 2203 jussit,
489 2112 546 2179 ubi
569 2115 654 2179 sicut
675 2112 854 2199 dicebatur,
879 2113 1005 2180 duabus
1027 2124 1084 2179 aut
1107 2113 1210 2181 tribus
1232 2114 1353 2181 diebus
1377 2116 1428 2182 de·

130 2223 213 2289 t'enti
233 2221 371 2302 fuerant,
395 2218 516 2284 deinde
538 2239 594 2284 eos
617 2217 735 2284 dimitti
752 2220 862 2307 jussit,
895 2218 1054 2285 mandans
1084 2218 1218 2297 eisdem,
1240 2228 1277 2285 ut
1300 2220 1431 2287 easdem

129 2327 239 2393 literas
263 2346 336 2389 cum
360 2322 509 2387 omnibus
534 2308 746 2408 mastigantes
770 2321 973 2409 deglutiant3
1006 2322 1068 2388 boc
1098 2323 1176 2388 dum
1199 2325 1306 2390 coacti
1328 2326 1430 2414 perio

130 2433 261 2508 cissent,
297 2425 469 2492 mandavit
490 2425 532 2491 ad
554 2424 744 2511 bibendum,
780 2437 936 2515 quantum
967 2426 1157 2511 voluerunt,
1191 2427 1234 2493 ds
1264 2431 1345 2495 vino
1369 2430 1432 2497 illis

129 2536 274 2624 porrigi3
297 2534 360 2599 hoc
382 2533 486 2616 facto,
509 2541 616 2598 cutem
650 2531 715 2597 illis
751 2531 854 2597 solide
888 2531 1079 2598 verberibus
1113 2534 1241 2598 onerari
1271 2535 1378 2622 jussit
1398 2547 1427 2601 ot

130 2639 263 2704 tandem
286 2660 329 2703 ex
350 2658 426 2702 arce
449 2635 578 2719 dimitti,
614 2645 711 2724 atque
743 2658 846 2702 canes
871 2639 906 2702 in
928 2636 1002 2703 illos
1025 2636 1159 2723 impelli,
1182 2637 1290 2704 donec
1314 2634 1428 2705 transi·

131 2745 266 2810 sissent.¹
311 2742 399 2806 Dum
430 2763 509 2828 erge
538 2742 708 2807 camerarii
740 2739 948 2819 redivissent,
982 2750 1015 2807 et
1037 2741 1208 2829 quasillis
1239 2743 1274 2807 in
1306 2742 1432 2831 judicio

134 2845 323 2929 acciderint,
347 2854 562 2929 enarrassent,
586 2845 696 2910 multis
718 2847 829 2928 risum,
853 2845 926 2911 aliis
956 2845 1106 2933 querelas
1129 2856 1313 2915 transerunt.
1358 2847 1431 2915 Hoc

134 2952 255 3017 factum
285 2959 396 3016 autem
435 2949 516 3016 inde
550 2952 722 3039 provenit,
761 2948 851 3038 quud
889 2949 1039 3017 dominus
1072 2950 1187 3017 Petrus
1223 2950 1265 3017 de
1302 2951 1430 3019 Roseu-

131 3056 223 3143 be‘rg‚
249 3056 405 3144 patruelis
428 3056 551 3123 domini
572 3055 709 3122 Henrici
728 3056 950 3144 suprascripti,
976 3077 1019 3121 ex
1040 3055 1102 3122 bac
1123 3056 1192 3122 vita
1213 3054 1430 3140 discessurus,

131 3162 167 3226 in
188 3168 389 3232 testamento„
409 3183 466 3227 suo
496 3160 747 3226 Krumloviense
781 3159 959 3246 dominium
993 3182 1067 3227 cum
1101 3161 1250 3226 omnibus
1284 3162 1427 3250 apperti·

127 3265 285 3333 ‘uentibus
320 3263 381 3329 sub
415 3264 554 3352 quedam
588 3264 774 3330 conditione
809 3267 939 3334 domino
975 3265 1054 3331 Lew
1086 3264 1320 3353 possidendum
1355 3265 1432 3333 reli.

132 3371 247 3459 querit
269 3378 301 3435 et
333 3369 514 3445 tradiderit,
543 3370 636 3457 cujus
663 3371 918 3457 possessionem¹
939 3368 1088 3436 dominus
1118 3369 1197 3435 Lew
1229 3378 1306 3456 post
1330 3391 1424 3444 ‚mor-

131 3484 197 3541 tem
219 3473 342 3541 domini
371 3474 459 3539 Petri
486 3472 578 3538 adire
614 3472 706 3555 brevi
739 3473 944 3559 intendebat3
979 3474 1129 3541 dominus
1157 3474 1323 3543 Henricus
1346 3500 1428 3547 vero.

70 3568 73 3575 ¹
130 3579 456 3669 eidem-possessioni
489 3576 671 3661 resistebat,
704 3579 906 3664 prioritatem
933 3578 1018 3667 juris
1052 3601 1087 3645 se
1119 3577 1241 3646 babere
1278 3591 1427 3668 praeten-

129 3684 221 3766 dens,
244 3683 448 3768 obtinuitque
470 3702 490 3746 a
510 3703 590 3768 rege
620 3681 771 3747 dominus
800 3682 974 3765 Henricus,
1005 3682 1092 3771 quod
1122 3704 1157 3748 se
1179 3683 1221 3750 ad
1246 3688 1426 3772 posscssio-

128 3797 204 3851 nsm
236 3785 333 3875 hujus
366 3785 501 3851 dominii
532 3787 705 3853 immittere
739 3789 895 3875 potuerit,
926 3788 1012 3874 quod
1046 3789 1143 3853 stiam
1176 3786 1295 3854 effecit.
1340 3791 1430 3857 Tan·

129 3891 204 3956 dem
226 3890 403 3957 adomino
422 3892 501 3957 Lew
535 3892 577 3958 ad
606 3895 767 3982 judicium
802 3899 928 3982 citatus,
970 3919 1013 3969 ex
1041 3897 1147 3963 causis
1178 3898 1277 3984 justis
1314 3899 1431 3967 sistere

128 3995 251 4061 ibidem
274 3996 388 4079 noluit,
412 3995 517 4061 donec
540 4018 577 4062 eo
601 3997 797 4084 devenisset,
820 4001 906 4087 quod
930 4002 1079 4066 dominus
1092 4000 1171 4066 Lew
1188 4004 1270 4089 jure.
1287 4001 1427 4071 alterum

129 4109 317 4188 superasset
348 4110 381 4166 et
402 4101 459 4166 illa
475 4103 560 4190 juris
583 4106 747 4191 aequitate
779 4106 1004 4194 processisset,
1036 4114 1073 4170 ut
1095 4105 1187 4192 quasi
1210 4114 1325 4175 contra
1342 4108 1427 4195 juris

128 4203 285 4270 rebellem
298 4226 435 4290 regnum
456 4206 645 4273 universum
669 4219 782 4290 contra
804 4209 943 4295 eundem
966 4209 1144 4275 secundum
1167 4213 1261 4296 regni
1284 4211 1430 4279 instituta

128 4309 250 4374 et-vim
272 4306 445 4372 militarem
468 4312 673 4395 concitasset.
706 4314 780 4379 Rex
802 4336 880 4380 vero
899 4312 1001 4385 ‚talem
1023 4323 1135 4381 contra
1158 4336 1231 4380 eum
1252 4315 1427 4385 militarem

72 4414 77 4420 ’
127 4432 315 4501 processum
337 4409 487 4496 inhibuit,
510 4421 608 4501 atque
621 4419 790 4503 omnibus,
811 4440 854 4484 ne
875 4418 958 4485 haec
979 4428 1087 4505 agant,
1110 4418 1301 4504 mandavit3
1324 4421 1428 4492 citati·

128 4539 213 4584 ones
230 4527 338 4582 tamen
360 4518 566 4585 continuatae
588 4521 728 4609 fuerunt,
705 4527 815 4592 tita
836 4534 873 4591 ut
896 4525 1027 4592 tandem
1049 4532 1151 4591 status
1174 4532 1289 4591 conba
1309 4525 1431 4595 volun·

127 4631 233 4688 tatem
251 4622 338 4708 regis
363 4619 469 4685 sidem
491 4622 648 4711 obsequio
673 4651 745 4695 esse
774 4630 955 4716 noluerint,
992 4629 1098 4696 donec
1127 4627 1171 4695 ad
1192 4636 1304 4695 actum
1329 4640 1426 4777 suprt'

121 4726 247 4793 dietum
256 4730 545 4815 peremisset
708 4786 712 4791 .
853 4790 856 4797 .
