2948 5040
1308 174 1363 242 211

59 347 177 438 primo
207 349 339 417 Annum
367 348 472 415 filiam
504 352 594 436 regis
625 348 757 417 Galliae
790 351 967 438 assumpsit
994 354 1033 415 in-
1048 367 1187 415 uxorsm
1207 360 1302 412 suam
1330 354 1366 413 et

62 455 227 541 reginem,
265 474 341 519 cum
373 476 437 542 qua
467 457 583 543 genuit
608 453 712 520 filiam
739 454 923 542 principem
958 454 1092 521 Annam
1123 451 1247 517 dietam
1276 451 1365 519 cirea

63 580 191 625 annum
213 559 349 644 Domini
374 559 513 626 roceum
536 559 591 626 vel
614 568 775 647 quartum,
799 580 897 646 quam
919 557 1040 625 deinde
1060 558 1095 623 in
1118 576 1256 621 uxorem
1273 555 1365 623 dedit

68 662 279 729 serenissimo
319 661 489 728 archiduci
521 661 733 728 Ferdinando
768 661 913 749 Philippi
944 662 1032 747 regis
1067 659 1249 747 Hispaniae
1282 659 1361 727 filie.

66 766 218 831 Tandem
247 767 366 832 iterum
397 767 511 851 genuit
530 764 634 831 filium
663 767 795 831 nomine
816 765 1021 831 Ludovieum
1042 763 1357 847 ann0150ti,cirea

67 880 197 957 tempus
220 879 253 934 et
281 869 370 934 diem
391 870 587 935 visitationis
609 868 725 935 beatae
747 869 892 954 Virginis
914 868 1050 935 Mariae.
1092 869 1224 936 Deinde
1245 871 1361 939 eadem

63 976 182 1061 regina
213 972 406 1059 Hungariae
436 973 535 1039 Anna
565 973 680 1040 morbo
712 981 862 1062 correpta
893 974 995 1040 vitam
1027 995 1120 1040 suam
1153 973 1260 1043 finivit
1281 984 1357 1043 ante

65 1078 311 1145 coronationem
333 1079 368 1143 in
389 1098 490 1164 regno
512 1076 701 1142 Bohemiae.
745 1077 826 1142 Post
847 1078 1002 1164 exiguum
1032 1078 1188 1166 temporis
1216 1080 1358 1166 spatium

67 1183 221 1269 Hungari
243 1192 441 1250 coronarunt
461 1180 666 1247 Ludovicum
690 1181 807 1248 ducem
828 1183 864 1247 in
884 1203 997 1268 regem
1019 1182 1219 1268 Hungariae.
1260 1183 1359 1251 Anno

71 1310 152 1354 vero
176 1288 262 1354 1509
285 1288 372 1354 circa
392 1287 491 1352 finem
513 1284 800 1353 baochanahorum
820 1307 882 1353 rex
902 1286 1103 1354 Wladislaus
1135 1294 1287 1375 suscepte
1307 1308 1360 1355 co-

68 1415 152 1460 rona
172 1391 373 1479 Hungariae,
395 1392 533 1478 Pragam
556 1392 690 1458 advenit
711 1413 786 1456 cum
806 1390 883 1456 filiis
906 1391 983 1475 suis,
1020 1399 1119 1478 atque
1138 1391 1237 1457 tertia
1260 1390 1363 1459 domi·

64 1497 144 1564 nica
174 1496 444 1586 quadragesimae
472 1497 622 1586 proxima
648 1494 824 1573 incidente,
853 1516 972 1582 nempe
1000 1495 1035 1559 in
1064 1494 1120 1562 dic
1148 1496 1253 1563 saneti
1281 1495 1363 1564 Gre-

69 1603 164 1688 gorii,
187 1600 265 1667 dum
286 1622 347 1666 rex
368 1599 556 1667 Ludovious
579 1600 792 1668 semitertium
813 1620 944 1683 annum,
973 1606 1006 1664 et
1027 1598 1144 1665 decem
1164 1601 1362 1689 septimanas

64 1706 185 1772 aetatis
209 1726 287 1771 suae
307 1704 521 1793 implevisset,
549 1704 584 1771 in
606 1726 681 1771 arce
702 1705 871 1792 Pragensi,
903 1705 1036 1770 vivente
1057 1704 1166 1771 adhuc
1185 1713 1280 1794 petre
1300 1727 1360 1773 suo

64 1818 240 1876 coronatus
261 1809 331 1877 fuit.
353 1809 501 1897 Contigit
517 1818 626 1877 autem
647 1809 701 1876 die
722 1809 817 1876 Jovis
838 1810 874 1875 in
895 1808 978 1874 festo
1000 1810 1205 1876 ascensionis
1227 1808 1360 1894 Christi,

62 1915 142 1980 dum
163 1914 316 1981 monachi
336 1914 381 1980 ad
403 1914 436 1983 S,
459 1914 619 1981 Thomam
640 1915 675 1979 in
696 1935 798 2003 parva
812 1920 904 2001 parte
920 1912 1012 1978 finito
1022 1912 1162 2000 prandio
1184 1934 1306 1982 nonam
1325 1915 1362 1981 in

65 2020 166 2086 choro
199 2018 428 2102 decantarent,
464 2026 496 2084 et
528 2041 638 2086 coram
666 2017 854 2086 hominibus
883 2016 1105 2105 spectaculum
1133 2017 1243 2085 faeere
1271 2028 1305 2086 et
1324 2020 1361 2087 in

65 2122 191 2211 templo
211 2122 388 2208 imaginem
409 2121 544 2201 Christi,
576 2123 619 2189 ad
642 2121 888 2190 similitudinem
917 2122 1119 2187 ascensionis
1148 2120 1272 2189 Ohristi
1304 2121 1362 2189 do·

68 2228 153 2292 mini
172 2227 208 2292 in
235 2227 372 2311 coelum,
395 2250 524 2293 sursum
545 2227 675 2295 trahere
696 2227 862 2310 volebant,
885 2235 954 2293 tum
975 2234 1111 2314 repente
1134 2224 1215 2315 (non
1237 2225 1360 2312 dubito,

64 2330 100 2396 id
111 2330 233 2397 factum
244 2330 346 2398 luisse
361 2355 405 2398 ex
419 2332 617 2400 admissione
638 2335 704 2400 Dei
721 2340 854 2422 propter
867 2331 960 2397 illum
975 2340 1084 2399 actum
1093 2331 1359 2423 ignominiosum)

61 2434 182 2500 chorus
204 2434 246 2501 ob
270 2437 398 2523 copiam
420 2436 587 2503 hominum
608 2437 731 2505 ibidem
754 2439 964 2504 existentium
985 2438 1116 2520 corruit,
1147 2457 1247 2525 supra
1274 2436 1356 2504 alios

60 2539 225 2622 homines,
256 2541 313 2627 qui
338 2539 425 2607 infra
455 2541 595 2607 eundem
624 2542 759 2608 chorum
788 2545 825 2608 in
848 2543 990 2608 scamnis
1018 2540 1165 2626 aderant,
1188 2539 1357 2626 decidens,

60 2642 192 2731 aliquos
215 2642 258 2708 ad
280 2652 418 2709 mortem
440 2666 545 2732 usque
567 2647 770 2734 compressit,
793 2644 874 2711 ahos
895 2652 1004 2711 autem
1026 2647 1171 2732 graviter
1192 2644 1299 2729 laesit,
1327 2653 1361 2713 et

60 2748 92 2812 si
114 2746 234 2834 reliqui
257 2768 293 2813 se
314 2748 401 2814 intre
430 2770 562 2815 scamna
583 2771 649 2815 non
681 2749 906 2832 reclinassent,
935 2749 1069 2818 illaesus
1097 2748 1207 2815 nullus
1239 2748 1360 2817 abinde

58 2850 245 2917 redivisset
279 2852 360 2918 Post
380 2852 463 2919 haec
483 2852 538 2919 die
560 2853 725 2919 dominica
745 2856 894 2942 sequenti
916 2855 1004 2921 circa
1025 2874 1182 2941 vesperas
1202 2852 1359 2921 tumultus

58 2956 241 3021 concitatus
256 2955 333 3036 fuit;
355 2958 382 3022 si
400 2978 515 3022 causas
531 2957 626 3046 hujus
641 2978 792 3024 enarrare
813 2957 979 3040 deberem,
1002 2979 1059 3023 cur
1073 2965 1162 3023 ortus
1176 2955 1234 3022 ille
1248 2955 1356 3042 merit,

61 3061 177 3125 nescio
200 3060 287 3126 unde
308 3061 436 3126 initium
459 3083 630 3146 sumerem,
653 3085 727 3128 cum
748 3084 814 3128 non
835 3064 1032 3151 processerit
1054 3062 1168 3130 ordine
1180 3063 1354 3131 moderato

61 3172 96 3230 et
118 3163 239 3247 debito,
264 3165 322 3231 sed
341 3188 384 3235 ex
404 3166 584 3254 petulantia
605 3175 639 3234 et
660 3169 840 3234 temeritate
861 3167 1042 3256 aliquorum
1064 3167 1106 3234 de
1128 3169 1248 3258 populo
1277 3169 1354 3236 Pra-

64 3269 162 3354 gensi
192 3290 236 3335 ex
264 3292 330 3336 una
360 3280 393 3336 et
419 3271 650 3359 Hungarorum
683 3281 776 3361 parte
803 3294 847 3338 ex
875 3273 986 3340 altera.
1018 3270 1104 3339 Nam
1144 3284 1240 3363 prout
1271 3276 1352 3344 mihi

63 3375 215 3457 innotuit,
250 3396 293 3441 ex
323 3375 417 3441 nulla
448 3376 513 3442 alia
536 3399 634 3443 causa
665 3377 821 3444 tumultus
845 3377 901 3443 ille
924 3386 1057 3444 exortus
1085 3379 1158 3461 fuit,
1189 3402 1286 3469 quam
1308 3402 1355 3450 ex

60 3477 227 3543 discordia
261 3478 348 3545 facta
383 3482 419 3546 in
456 3480 539 3547 saltu
561 3483 648 3549 inter
667 3483 815 3549 homines
857 3483 1040 3571 petulantes
1078 3492 1112 3551 et
1146 3484 1286 3551 audaces
1323 3494 1356 3553 ct

56 3603 171 3647 servos
208 3583 412 3651 dominorum
443 3585 689 3673 Hungarorum,
726 3589 783 3676 qui
819 3610 893 3654 cum
925 3610 1004 3675 rege
1035 3590 1072 3653 in
1100 3611 1176 3655 arce
1197 3588 1356 3675 Pragensi

57 3687 219 3753 existente
241 3688 381 3775 Pragam
402 3690 615 3757 advenerunt.
650 3691 705 3757 Ad
727 3693 809 3759 heec
832 3715 853 3757 a
877 3692 1072 3781 quibusdam
1101 3691 1287 3759 hominibus
1308 3692 1356 3761 di·

58 3792 205 3877 sebatur,
228 3797 419 3881 praesertim
442 3796 482 3863 eb
505 3797 640 3864 Andrea
661 3801 803 3884 parocho
825 3809 905 3867 tuno
929 3802 972 3868 ad
995 3800 1027 3869 S.
1049 3800 1221 3867 Nicolaum
1234 3801 1270 3867 in
1291 3800 1355 3869 hec

57 3896 139 3963 urbe
161 3901 433 3986 parvo-partensi,
457 3901 543 3988 quod
565 3901 643 3970 dum
665 3905 700 3969 in
721 3926 760 3971 ea
785 3906 924 3972 ecclesia
947 3905 1001 3971 die
1023 3904 1188 3972 dominice
1210 3914 1355 3995 tempore

61 4023 275 4089 vesperarum
298 4005 486 4070 concionem
510 4004 643 4091 diceret,
667 4009 799 4097 quidam
817 4009 1051 4097 Hungarorum
1069 4010 1247 4099 exploserit
1261 4010 1354 4078 bom·

55 4105 193 4172 bardam
226 4129 286 4195 per
317 4109 493 4175 fenestram
528 4111 697 4191 ecclesiae,
737 4125 775 4181 ut
809 4116 912 4182 frusta
944 4116 1021 4182 vitri
1044 4114 1242 4200 deciderint,
1275 4114 1373 4182 inde·

56 4211 179 4298 elamor
204 4219 335 4276 exortus
350 4214 437 4279 inter
457 4214 587 4302 plebem
603 4217 775 4305 dicentem,
799 4221 886 4308 quod
908 4220 1058 4306 Hungeri
1078 4220 1243 4287 Bohsmos
1264 4220 1353 4287 occi·

57 4315 136 4381 dere
158 4315 272 4382 velint.
294 4316 383 4382 Hinc
406 4341 448 4384 ex
471 4322 558 4385 omni
580 4331 672 4408 parte
694 4325 728 4388 in
750 4348 885 4413 parvam
906 4334 1032 4414 partem
1055 4323 1194 4413 populus
1216 4346 1350 4391 concur·

53 4421 121 4506 rit;
145 4420 222 4487 huic
254 4422 405 4489 tumultui
437 4428 638 4494 associarunt
653 4423 695 4494 ¹se
717 4428 782 4514 alii,
812 4431 966 4497 videlicet
987 4430 1111 4497 domini
1131 4429 1260 4497 illorum
1282 4452 1351 4497 ser·

53 4525 225 4611 aientium,
260 4528 317 4615 qui
345 4527 381 4593 in
409 4550 512 4616 parva
539 4541 632 4619 parte
661 4533 861 4620 habitabant,
890 4547 983 4625 perte
1007 4561 1051 4605 ex
1071 4559 1146 4621 una,
1178 4543 1211 4601 et
1232 4556 1348 4624 parvo

50 4638 222 4719 partenses
242 4632 378 4717 incolae,
402 4656 442 4700 ac
463 4636 645 4723 Pragensss
669 4641 759 4708 cives
781 4664 857 4709 cum
889 4643 966 4710 aliis
988 4644 1034 4711 de
1052 4643 1172 4732 pidre,
1192 4646 1297 4726 pause
1324 4657 1378 4697 ⁹³1

48 4734 165 4822 alters,
196 4744 230 4805 et
253 4740 416 4827 superatis
445 4739 639 4833 flung-aris,
651 4746 791 4816 eosdem
814 4752 960 4845 turpiter
979 4750 1208 4830 oscheon..
1221 4760 1301 4824 m
1319 4752 1408 4797 ‘m
