2948 5040
1317 127 1361 223 u}

64 311 183 372 senous
205 309 237 370 at
258 300 333 370 aliis
356 300 483 368 ibidem
516 299 656 373 detentis
686 301 878 386 rogavisset,
908 310 944 368 ut
965 300 1039 370 illos
1061 304 1096 373 iu
1118 322 1360 390 aorumaogu-

67 411 140 476 stiis
165 417 197 475 et
219 406 476 473 desolationibus
500 405 663 472 consolari
685 405 890 493 dignaretur3
925 429 1004 472 mox
1026 407 1167 496 desuper
1189 406 1242 473 die
1265 404 1362 474 lunae

67 516 103 580 in
128 514 305 578 crastinum
328 511 466 577 eundem
489 511 522 577 in
548 511 672 577 ruriam
694 512 844 589 eitarunt,
875 511 996 577 abinde
1018 512 1060 578 ob
1083 512 1165 578 haec
1187 512 1275 577 dicta
1290 513 1362 600 jus-

69 625 184 683 serunt
206 638 280 682 eum
303 615 387 681 tradi
408 613 662 681 administratori
682 615 718 679 in
740 635 905 700 carceres;
924 615 1168 683 administrator
1188 639 1267 684 vero
1281 639 1362 683 eun-

66 721 143 788 dem
166 721 310 787 servavit
329 741 390 808 per
425 719 549 806 aliquot
581 716 651 783 dies
674 719 709 784 in
732 717 881 785 cubiculo
903 719 1079 807 parochiae
1101 721 1296 810 Teynensis,
1329 729 1363 788 et

65 825 200 892 undem
224 822 362 890 eundern
385 824 517 891 dimisit.

613 1004 759 1106 orror
781 1039 834 1106 27.

66 1148 131 1211 Ubi
150 1154 279 1222 notetur,
302 1147 548 1222 qnod-quaedam
570 1149 674 1209 mulier
695 1148 837 1226 petiverit
859 1168 878 1208 a
898 1146 1029 1224 parocho
1038 1143 1070 1209 S.
1079 1146 1208 1223 Nicolai,
1230 1155 1263 1207 ut
1293 1155 1362 1226 post

65 1237 100 1295 in
124 1235 267 1295 concione
303 1241 367 1297 orat
403 1244 433 1294 et
454 1235 533 1295 orari
565 1236 670 1313 jubeat
692 1236 731 1294 ad
752 1235 851 1297 Deum
873 1235 1104 1311 omnipotentem
1136 1255 1190 1312 pro
1213 1235 1360 1313 captivia3

66 1329 97 1381 et
119 1321 245 1400 perinde
267 1320 419 1399 angustias
440 1341 531 1399 passa
552 1323 649 1382 inerit.
692 1321 770 1380 Item
792 1323 838 1380 da'
852 1324 930 1381 bono
953 1320 1096 1396 (scilicet)
1130 1321 1300 1396 christiano,
1331 1329 1360 1380 ot

63 1406 241 1482 Plokharta,
276 1409 447 1483 qui'ooram
474 1407 577 1485 judice
599 1409 821 1471 contenderunt.
863 1409 940 1466 Item
963 1409 1111 1484 quomodo
1122 1411 1301 1488 Pragenses,
1332 1415 1361 1467 et

404 1495 684 1574 parvo-Parauaea,
708 1495 789 1554 cives
812 1513 881 1554 suos
904 1493 1073 1554 afflixerint.

155 1646 323 1729 Quaedam
344 1646 462 1713 mulier
498 1669 582 1713 uxor
610 1649 742 1736 pistoris
775 1651 955 1740 Dymlrova
987 1651 1075 1717 diota
1108 1652 1247 1718 accessit
1268 1673 1362 1716 suum

61 1750 242 1844 paroohum
276 1751 435 1819 ecclesiae
459 1751 491 1817 S.
522 1751 660 1836 Nicolai,
695 1751 736 1819 ab
758 1751 880 1842 illoque
915 1755 1041 1842 petivit,
1075 1764 1111 1820 ut
1140 1757 1176 1821 in
1206 1757 1363 1822 concione

59 1861 215 1952 proxima
235 1859 383 1924 instituat
403 1877 518 1944 preces
542 1854 584 1920 ad
600 1857 708 1922 Deum
730 1860 986 1947 omnipotentem
1007 1882 1066 1948 pro
1089 1859 1155 1926 illis
1178 1861 1359 1926 incarcere

59 1965 213 2047 detentis,
250 1971 285 2028 ut
306 1962 398 2027 Deus
421 1960 495 2026 illos
520 1959 676 2027 exaudire
708 1970 739 2027 et
772 1961 930 2050 adjuvare
953 1963 1150 2049 dignaretur.
1194 1963 1361 2029 Parochus

63 2079 177 2138 autern
209 2067 345 2134 audiens
376 2067 477 2150 illam,
511 2067 651 2131 accessit
679 2066 985 2151 administratorem,
1024 2088 1163 2155 eumque
1199 2066 1363 2133 consuluit

60 2176 127 2240 hac
148 2175 183 2239 in
205 2195 313 2255 causa,
337 2173 464 2255 timens,
488 2192 530 2235 ne
554 2169 616 2238 sibi
638 2171 695 2237 fiat
717 2170 807 2255 illud,
832 2171 1075 2260 quodHenrico
1099 2169 1261 2237 sacerdoti
1284 2192 1359 2236 con·

64 2279 147 2363 tigit
190 2276 323 2342 Abinde
345 2297 399 2341 res
422 2277 504 2341 haec
526 2273 661 2340 devenit
681 2277 766 2341 inter
781 2271 963 2362 Pragenses
987 2275 1029 2341 ad
1052 2276 1187 2358 curiam,
1211 2275 1266 2362 qui
1289 2297 1361 2340 eam

64 2381 127 2470 hac
148 2403 190 2447 ex
213 2402 312 2446 eausa
333 2380 426 2445 citari
454 2380 632 2467 jusserunt,
657 2390 689 2445 ot
705 2379 836 2446 tandem
859 2381 1066 2466 incarcerari,
1089 2382 1198 2470 inquo
1230 2404 1361 2450 carcere

60 2484 153 2552 rllam
175 2508 234 2575 per
255 2484 380 2572 aliquot
400 2483 470 2550 dies
493 2484 704 2572 reliquerunt.

148 2589 241 2656 Dum
263 2587 401 2655 subinde
425 2589 586 2678 quendam
607 2590 850 2657 malefactorem
862 2590 904 2657 ob
920 2591 992 2679 ejus
1019 2590 1106 2656 mala
1128 2590 1362 2659 actalatasen·

59 2696 163 2762 tentia
186 2695 229 2760 ad
251 2704 387 2761 mortem
410 2694 561 2772 educunt,
585 2704 661 2763 tuno
683 2718 742 2783 pro
764 2695 823 2760 tali
844 2694 974 2783 publice
996 2695 1105 2763 Deum
1139 2705 1293 2782 exorant3
1328 2697 1362 2763 hi

62 2808 174 2866 autem
196 2823 255 2888 pro
276 2798 393 2866 talibus
415 2801 625 2866 incarceratis
646 2823 713 2867 non
735 2800 968 2883 condemnatis,
992 2822 1054 2865 nec
1076 2809 1163 2866 certa
1187 2802 1361 2890 quomodo·

62 2927 195 2992 cunque
218 2905 252 2969 in
274 2903 359 2971 malo
383 2904 607 2997 deprehensis,
640 2927 705 2970 non
736 2904 938 2972 admiserunt
972 2905 1139 2970 minimam
1163 2908 1361 2972 mentionem

63 3012 270 3095 facere,cum
292 3017 400 3075 tamen
411 3009 475 3074 hoo
486 3011 528 3075 ait
540 3033 620 3097 opus
632 3009 875 3076 misericordiae
896 3019 927 3075 et
944 3009 1197 3095 christianitatis,
1220 3020 1256 3086 ut
1277 3032 1362 3077 unus

61 3138 123 3204 pro
145 3115 248 3181 altero
271 3113 359 3201 apud
378 3115 494 3201 ,Deum
516 3116 707 3181 intercedat.
729 3115 813 3181 Item
836 3115 913 3181 dum
936 3115 985 3181 illi
1007 3117 1128 3204 captivi
1149 3117 1184 3181 in
1206 3117 1305 3200 curia,
1329 3124 1362 3181 et

61 3221 212 3288 inferiori
244 3242 374 3287 carcere
397 3219 520 3287 detenti
543 3221 673 3309 saepius
707 3228 822 3285 cantus
844 3220 947 3287 bonos
973 3221 1167 3286 christianos
1190 3242 1249 3310 pro
1284 3241 1359 3286 con·

63 3325 223 3392 solatione
248 3347 305 3391 sua
327 3323 547 3407 decantarent,
577 3346 712 3414 nempe:
749 3323 889 3410 Christe,
925 3326 981 3413 qui
1003 3323 1061 3390 lux
1084 3332 1115 3389 et
1138 3324 1207 3390 dias
1240 3349 1274 3392 es
1298 3334 1360 3392 etc.

60 3439 134 3495 aut:
168 3429 326 3495 Miserere
358 3439 503 3495 nostrum
524 3430 666 3496 Domine
690 3439 749 3496 etc.
785 3438 818 3496 et
839 3429 919 3498 alios
951 3431 1138 3499 bohemicus
1175 3440 1219 3518 et,
1241 3431 1360 3497 latinos

61 3541 188 3616 cantus,
212 3555 293 3622 quos
315 3534 349 3600 in
372 3534 520 3601 ecclesiis
532 3534 573 3601 ab
590 3534 733 3624 antiquis
747 3535 945 3623 temporibus
959 3546 1089 3603 cantare
1111 3537 1358 3621 consuevimus;

60 3638 119 3704 alii
142 3639 239 3704 etiarn
260 3659 321 3726 per
341 3637 578 3706 admonitiones
606 3641 679 3727 pias
703 3639 895 3706 christianas
919 3642 1061 3707 invicem
1085 3643 1120 3706 in
1145 3642 1210 3708 fide
1244 3644 1361 3712 confir·

59 3740 216 3810 mabant:
240 3752 308 3808 tum
331 3753 462 3809 senatus
484 3743 548 3824 illis
572 3744 683 3810 stricte
704 3744 856 3821 inhibuit,
879 3745 966 3811 utab
990 3746 1040 3812 his
1055 3746 1205 3813 omnibus
1214 3757 1353 3833 cessent,

49 3850 88 3935 'si
112 3869 192 3913 vero
215 3845 296 3913 haec
330 3847 514 3937 relinquere
536 3849 709 3933 noluerint,
748 3848 921 3939 quodillis
943 3851 999 3917 alii
1023 3872 1169 3917 carceres
1204 3876 1357 3940 procura-

60 3950 193 4032 buntur,
217 3972 290 4016 cum
312 3949 371 4017 hos
395 3962 508 4018 cantus
532 3952 726 4042 quibusdam
749 3955 861 4021 audire
884 3978 984 4041 grave
1008 3958 1059 4038 sit,
1083 3964 1115 4021 et
1137 3957 1357 4025 multicontra

59 4055 145 4120 haec
166 4053 347 4144 loquantur,
372 4057 526 4137 dicentes,
563 4080 659 4146 posse
682 4059 807 4148 aliquid
829 4059 907 4126 mali
928 4063 963 4126 in
987 4062 1218 4128 communitate
1255 4065 1348 4150 oriri,

59 4159 124 4226 hoc
147 4161 270 4247 captivi
291 4161 470 4247 audientes,
494 4166 603 4230 omnia
625 4164 774 4229 omittere
797 4163 988 4231 debuerunt.

147 4263 243 4330 Nunc
265 4264 399 4332 adverte
421 4289 542 4351 casum,
566 4290 662 4356 quem
683 4289 742 4356 pro
766 4289 863 4356 opere
887 4268 1061 4336 christiano
1086 4272 1353 4360 tuncPragenses

62 4373 260 4456 habuerunt,
296 4382 327 4438 et
350 4373 435 4437 inter
459 4373 518 4439 has
541 4372 723 4440 discordias
758 4373 902 4460 contigit
931 4375 1019 4447 Dum
1044 4399 1161 4465 nempe
1194 4387 1282 4444 certo
1306 4378 1359 4445 die

60 4480 95 4544 in
121 4475 263 4566 quadam
284 4477 393 4564 platea
416 4477 479 4545 duo
503 4480 602 4559 cives,
638 4478 983 4547 romano-christianus
1016 4491 1048 4548 et
1080 4483 1162 4548 alter
1183 4506 1241 4571 pro
1263 4483 1358 4550 Piclr·

59 4585 156 4651 harta
178 4581 318 4668 habitus,
341 4584 485 4651 invicem
508 4586 678 4654 obviantes
695 4586 817 4653 obrem
830 4589 972 4678 aliquam
987 4587 1234 4671 contendebant,
1252 4589 1359 4675 judex

52 4711 139 4774 ,casu
161 4691 322 4765 transiens
346 4692 428 4761 haec
461 4693 595 4772 audivit.
618 4691 823 4761 Christianus
854 4695 971 4766 videns
990 4693 1150 4786 judicem,
1169 4692 1278 4761 d'uait·=
1294 4693 1367 4759 Qe-
