2948 5040
150 162 194 231 82

149 336 308 419 daverint,
332 342 364 402 et
396 336 471 421 alia,
496 360 579 425 quae
601 338 709 404 omnia
730 336 830 404 fassio
868 358 1036 405 servorum
1056 339 1217 426 continet3
1251 360 1338 429 quae
1358 332 1437 408 uero

145 441 277 528 vesperi
299 439 352 506 die
364 441 461 508 lunae
474 451 549 508 ante
571 441 659 509 diem
682 440 716 508 S.
737 440 905 508 Laurentii
928 434 1016 508 facta
1038 444 1112 528 sint,
1135 444 1218 510 illud
1238 444 1340 512 fassio
1362 443 1433 511 illo·

148 567 230 627 rum,
257 545 312 632 qui
335 546 411 610 torti
433 546 573 632 fuerunt,
597 548 756 633 continet3
779 548 831 614 illi
852 570 942 634 vero,
964 546 1021 636 qui
1050 549 1144 635 signa
1166 548 1229 616 sibi
1265 548 1439 635 dederunt,

99 663 101 667 “
147 649 183 714 hi
208 649 425 737 personaliter
444 650 612 718 adstantes
636 650 816 718 edixerunt.

232 757 331 844 Item;
354 757 434 848 quid
453 779 532 824 vero
553 755 603 822 illi
624 758 750 823 erronei
782 755 929 821 homines
962 765 995 822 et
1021 758 1150 824 sectarii
1172 756 1309 846 perinde
1332 758 1439 825 effice·

146 887 182 931 re
204 863 374 947 voluerint,
397 859 534 950 quilibet
556 861 620 927 sibi
641 861 737 927 facile
758 862 930 947 imaginari
942 864 1069 950 poterit,
1093 862 1180 951 quod
1201 863 1438 951 nosuoluerint

144 972 179 1036 in
201 969 282 1034 haec
303 966 469 1049 inducere,
492 965 533 1032 ad
558 987 674 1054 quaea
696 965 762 1032 Sua
778 966 882 1052 Regia
904 966 1078 1055 Majestate'
1096 967 1227 1034 domino
1241 976 1355 1036 nostro
1367 992 1439 1057 gra·

145 1077 320 1143 tiosissimo
343 1096 409 1140 non
430 1072 549 1138 fuimus
566 1070 718 1158 obligati3
740 1093 817 1136 nem
840 1070 1438 1161 hocdefenderevoluerunt,utpere·

143 1182 238 1268 grina
252 1180 404 1267 dogmata
427 1198 520 1243 suum
542 1174 684 1243 habeant
715 1197 940 1264 progressum,
977 1177 1064 1265 quod
1097 1186 1204 1244 autem
1237 1178 1305 1246 Sua
1338 1178 1438 1266 Regia

142 1286 298 1376 Majestas
331 1307 396 1351 non
426 1283 560 1370 dignata
580 1284 641 1348 fuit
673 1280 844 1371 spondere,
879 1292 911 1348 et
942 1283 988 1346 ita
1009 1305 1121 1370 regem
1143 1291 1288 1349 nostrum
1322 1286 1436 1371 grafio·

145 1392 307 1456 sissimum
330 1411 352 1454 a
372 1387 467 1454 nobis
489 1395 637 1453 avertere
659 1385 839 1452 voluerunt.
882 1385 923 1452 In
942 1409 1041 1479 quem
1063 1387 1161 1454 finem
1183 1411 1276 1473 vero,
1299 1387 1356 1455 vel
1375 1410 1435 1476 qus

142 1494 184 1560 de
207 1518 305 1561 causa
326 1493 388 1559 hoc
411 1492 538 1557 efficere
561 1490 731 1574 voluerint,
754 1489 820 1556 Sua
851 1490 957 1578 Regia
986 1490 1142 1580 Majestas
1165 1514 1238 1558 cum
1252 1528 1255 1535 ·
1269 1494 1437 1559 serenissi-

143 1623 196 1666 mo
218 1602 366 1689 principe
386 1606 418 1664 et
440 1596 512 1662 aliis
536 1595 736 1684 sapientibus
752 1595 944 1663 consiliariis
957 1595 1019 1661 hoc
1028 1596 1234 1664 considerare
1246 1607 1278 1664 et
1299 1620 1436 1686 perpen-

141 1706 219 1772 dere
250 1702 447 1791 dignabitur.
469 1700 542 1767 Hoe
564 1699 778 1766 demonstrari
801 1708 906 1788 potest
927 1701 962 1764 in
978 1702 1124 1786 veritate,
1148 1701 1235 1790 quod
1257 1702 1292 1766 in
1315 1701 1434 1767 ultimis

141 1811 244 1876 literis
266 1809 308 1874 ad
332 1808 428 1875 Suam
450 1807 587 1894 Regiam
608 1806 814 1895 Majestatem
836 1805 958 1871 nullam
981 1806 1097 1872 horum
1120 1808 1321 1873 mentionem
1351 1808 1436 1874 fece·

141 1915 226 1999 rint;
249 1914 430 1997 haeovero
454 1913 662 2000 scripserunt,
685 1909 832 1976 volentes
856 1932 914 1975 sua
935 1909 1009 1976 aliis
1046 1910 1240 1985 obumbrare
1263 1913 1435 1996 coloribus,

140 2018 226 2108 quod
249 2018 334 2086 Suae
357 2017 531 2084 Serenitati
562 2015 703 2082 fideliter
732 2014 910 2081 adhaerere
932 2015 1043 2100 velint,
1081 2039 1164 2104 quae
1184 2040 1244 2084 nos
1267 2040 1434 2106 negamus,

140 2139 172 2190 et
194 2146 302 2190 coram
338 2123 520 2190 Serenitate
542 2120 609 2188 Sua
630 2120 666 2185 id
687 2119 826 2209 probare
848 2121 952 2208 parati
976 2142 1094 2186 sumus.
1116 2118 1203 2188 Illud
1228 2120 1339 2209 {nobis
1361 2124 1434 2189 insi·

138 2232 252 2298 nuavit
273 2229 446 2297 diversitas
468 2228 570 2311 haeo;
595 2225 682 2315 quod
704 2225 849 2292 officium
890 2226 1070 2293 sacerdotis
1108 2237 1261 2312 assumat,
1305 2231 1435 2318 quicun-

141 2357 204 2424 que
225 2335 304 2418 vult,
328 2342 361 2399 et
382 2336 480 2400 etiam
502 2343 680 2410 aversetur,
704 2332 758 2418 qui
794 2330 889 2416 vult;
914 2332 1006 2396 inter·
1022 2340 1150 2405 nostros
1174 2333 1262 2398 enim
1295 2333 1437 2401 incarce-

140 2449 227 2505 ratos
250 2462 350 2505 uuum
371 2438 530 2504 habemus
552 2437 661 2520 talem,
686 2437 774 2524 quod
794 2422 934 2529 ipsemet
964 2436 1052 2502 domi
1074 2459 1152 2503 suae
1183 2428 1435 2523 consecraverit,

50 2536 52 2541 ’
139 2543 346 2632 familiaeque
369 2565 456 2626 suae,
480 2551 513 2606 et
534 2541 607 2607 aliis
621 2541 842 2610 distribuerit.
864 2541 927 2607 His
950 2541 1046 2607 dictis
1061 2542 1202 2632 principi
1214 2540 1353 2611 calicem
1369 2545 1435 2634 ejus

139 2646 356 2714 exhibuerunt
379 2670 422 2713 ex
444 2646 533 2734 ligno
555 2646 687 2731 factum,
710 2657 743 2712 et
772 2647 882 2714 resina
910 2647 1088 2712 inunctum.

221 2754 325 2838 Item3
348 2753 449 2821 locuti
472 2760 546 2817 sunt
568 2752 659 2836 haec,
695 2751 783 2841 quod
804 2752 899 2818 nobis
922 2773 1017 2817 omne
1040 2751 1181 2818 triticum
1211 2774 1271 2839 pro
1306 2754 1434 2841 pinsen-

135 2858 186 2925 dis
207 2859 273 2925 illis
295 2857 371 2924 Diis
408 2867 609 2937 consument,
645 2864 678 2924 et
715 2858 742 2923 si
773 2858 870 2922 etiam
903 2857 998 2945 copia
1020 2857 1104 2923 sicut
1125 2878 1218 2923 mons
1240 2857 1338 2943 foret,
1366 2859 1433 2947 jam

137 2986 209 3029 eam
232 2963 522 3058 consumpsissent.
777 2976 780 2981 ⁴

220 3067 335 3154 Item3.
351 3066 415 3134 hoc
437 3091 457 3132 a
493 3066 634 3155 quodam
668 3066 836 3133 sacerdote
871 3066 994 3133 dictum
1027 3066 1109 3151 fuit,
1144 3088 1179 3132 se
1213 3064 1338 3135 habere
1371 3077 1432 3137 tres

134 3174 236 3257 Deos,
274 3195 374 3239 unum
395 3175 431 3237 in
473 3172 697 3255 monstrantia,
721 3172 859 3237 alterum
880 3174 915 3236 in
938 3171 1092 3238 cancellis
1115 3181 1147 3236 et
1168 3173 1301 3238 tertium
1339 3172 1430 3257 dixit,

138 3278 224 3366 quod
258 3279 331 3343 aliis
365 3276 548 3360 distribuat,
573 3287 605 3342 et
627 3275 714 3365 quod
736 3277 847 3344 vetula
863 3277 1000 3366 judicet,
1025 3299 1060 3342 se
1084 3298 1211 3343 sumere
1244 3276 1366 3364 Deum,
1389 3279 1433 3344 in·

137 3384 233 3449 terim
258 3390 364 3449 sumat
386 3382 587 3449 daemonem.
631 3381 776 3470 Ideoque
798 3382 949 3448 Vestram
973 3383 1197 3466 Serenitatem,
1232 3391 1265 3446 et
1286 3381 1435 3450 dominos

73 3502 75 3507 ’
136 3478 325 3576 praesentes
361 3509 523 3573 rogamus,
557 3495 592 3552 ut
624 3485 785 3551 similibus
817 3488 991 3575 providere
1024 3486 1216 3574 dignemini,
1251 3507 1330 3553 cum
1346 3488 1433 3561 'tales

136 3586 291 3657 excessus
302 3591 380 3656 facti
395 3592 460 3655 sint
481 3591 567 3661 inter
589 3589 737 3656 homines
760 3600 873 3656 contra
893 3592 1013 3676 Deum,
1026 3602 1139 3658 contra
1151 3593 1289 3682 Regiam
1314 3593 1434 3682 Majes·

135 3705 243 3775 tatem,
257 3705 289 3761 et
311 3702 423 3760 contra
444 3703 747 3782 personasnostras,
764 3695 841 3761 inde
863 3707 1015 3783 rogantes
1038 3719 1217 3784 speramus,
1241 3696 1333 3786 quod
1354 3696 1433 3765 tales

133 3799 310 3888 punientur
343 3801 457 3889 poenis
480 3809 513 3865 et
534 3800 703 3866 sententiis
726 3798 861 3887 dejure
884 3803 1039 3867 canonico
1063 3810 1095 3866 et
1117 3802 1205 3868 civili
1227 3802 1431 3871 contrahaec

135 3904 219 3970 latis.
264 3904 441 3992 Hucusque
463 3904 545 3970 haec
572 3904 768 3970 informatio.

220 4007 327 4076 Homo
349 4006 510 4096 prudens,
534 4016 566 4072 et
599 4031 698 4074 sanae
720 4009 838 4075 mentis
869 4008 1013 4074 existens
1034 4030 1114 4076 vere
1135 4009 1261 4098 pudore
1282 4008 1432 4099 perfundi

137 4111 280 4197 deberet,
304 4114 332 4178 si
355 4133 464 4178 coram
483 4111 598 4199 judice
620 4111 702 4177 tales
724 4135 778 4178 res
800 4112 890 4181 leves
930 4122 962 4178 et
996 4108 1162 4180 infantiles
1190 4116 1334 4203 ineptias
1363 4136 1431 4206 prc-

135 4215 234 4283 ferret
271 4225 304 4285 et
325 4216 406 4283 alios
429 4216 470 4281 de
492 4217 543 4280 his
566 4216 658 4303 quasi
681 4219 844 4283 somnians
866 4228 1042 4303 accusaret.
1085 4217 1212 4284 Passek
1242 4241 1324 4287 vero
1362 4240 1430 4290 cum

138 4322 380 4411 coadjutoribus
415 4321 481 4386 suis
503 4322 633 4386 nomine
662 4322 875 4410 Pragensium
897 4321 1095 4390 verecundia
1126 4330 1231 4390 tactus
1265 4346 1335 4392 non
1365 4325 1430 4408 fuit,

135 4425 287 4515 principi,
319 4427 385 4490 imo
419 4422 505 4511 quod
526 4424 600 4512 plus
623 4435 681 4504 est,
704 4427 768 4514 ipsi
788 4429 860 4514 regi
881 4426 1012 4494 domino
1035 4449 1092 4495 suo
1123 4429 1193 4494 sine
1227 4430 1318 4497 omni
1340 4429 1428 4498 aesti-

136 4532 278 4596 matione
301 4527 383 4595 tales
405 4528 516 4594 literas
539 4530 727 4598 levitatibus
748 4531 873 4623 plenas,
896 4540 929 4597 et
949 4532 1212 4600 informationem
1247 4534 1428 4617 exuadere,

137 4657 221 4723 quae
244 4634 357 4700 literae
379 4641 488 4699 tamen
510 4656 582 4700 esse
605 4635 786 4703 debuerunt
806 4638 984 4704 maximum
1005 4637 1251 4705 fundamentum
1290 4649 1325 4707 et
1361 4636 1428 4707 sub·

126 4740 250 4802 stantia
273 4747 387 4805 contra
422 4740 569 4828 captivos
593 4761 650 4806 seu
671 4742 706 4807 in
728 4742 913 4811 carceribus
936 4741 1105 4831 detentos;
1127 4766 1242 4813 verum
1270 4742 1314 4812 de
1336 4741 1429 4813 caede
