2948 5040
1308 162 1351 233 1s

55 326 192 414 majoris
223 312 340 393 aetate
374 334 408 393 et
438 327 558 393 mentis
596 324 773 393 solertioris
813 348 880 395 non
912 324 1136 418 neglexerint,
1170 356 1210 401 ea
1241 336 1352 403 omnia

57 432 181 518 scripta
201 438 325 499 notare.

606 551 754 619 CAPUT
775 554 805 624 3.

55 686 94 745 In
118 702 178 761 quo
212 681 311 761 agitur
348 681 385 739 de
406 679 515 740 unione
536 679 679 760 antiquae
700 687 729 740 et
751 698 848 741 novae
869 679 1001 745 civitatis
1023 682 1190 761 Prageneis
1212 692 1242 745 et
1264 702 1350 749 coro-

112 770 233 832 natione
256 769 377 830 Mariae
398 768 503 828 uxoris
523 767 606 847 regis
635 766 788 829 Ludovici
811 774 841 827 et
860 771 965 831 multis
989 769 1063 830 ortis
1085 770 1294 839 incommodis.

142 953 222 1018 Post
243 961 379 1018 mortem
399 955 488 1040 regis
510 952 691 1038 Wladislai,
720 955 911 1042 priusquam
932 954 1039 1021 adhuc
1066 977 1127 1022 rex
1148 956 1347 1046 Ludovicus,

53 1056 141 1122 filins
164 1056 311 1145 ejusdem
320 1056 502 1141 Wladislai,
525 1056 567 1124 ob
584 1066 727 1123 teneram
739 1066 878 1124 aetatem
887 1058 1154 1144 gubernationem
1175 1084 1350 1148 regnorum

57 1183 191 1227 suorum
213 1163 419 1249 suscepisset,
442 1170 512 1227 erat
532 1183 637 1227 annus
661 1163 756 1245 1518,
777 1172 855 1229 tuno
877 1164 913 1227 in
933 1162 988 1228 die
1000 1162 1034 1230 S.
1056 1163 1178 1231 Felicis
1200 1166 1348 1254 ejusdem

57 1267 136 1332 anni
160 1275 358 1331 convocatae
379 1265 510 1330 fuerunt
531 1268 777 1331 communitates
799 1267 952 1353 antiquae
974 1274 1007 1331 et
1026 1289 1133 1335 novae
1155 1269 1244 1336 urbis
1264 1271 1345 1337 Pra-

56 1372 170 1455 gensir
206 1368 249 1434 ad
271 1368 446 1454 collegium
468 1390 632 1455 maguum,
670 1379 703 1435 et
723 1379 792 1435 tum
814 1372 890 1436 unio
912 1372 998 1437 inter
1028 1371 1102 1437 illas
1125 1373 1288 1458 conclusa,
1310 1384 1345 1441 et

56 1494 96 1539 eo
121 1481 268 1560 tempore
290 1473 480 1539 confirmata
502 1494 576 1538 eum
599 1476 742 1539 omnium
765 1496 926 1540 consensu
947 1477 1104 1560 unanimi,
1126 1479 1221 1545 etde
1242 1479 1347 1547 libere

57 1578 230 1644 voluntate
251 1576 313 1643 sub
334 1578 450 1664 poenis
471 1599 537 1643 non
559 1580 678 1665 parvis,
702 1580 773 1645 sine
794 1580 883 1644 omni
904 1578 1041 1645 aliorum
1061 1581 1230 1648 hominum
1243 1591 1350 1651 exter·

54 1702 173 1749 norum
198 1681 463 1764 contradictione,
485 1683 533 1746 ita
553 1682 695 1769 quidem,
727 1689 764 1747 ut
797 1705 840 1748 ex
861 1690 998 1772 utraque
1019 1692 1112 1772 parte
1133 1685 1250 1753 harum
1271 1688 1350 1755 civi·

58 1796 164 1853 tatum
186 1787 379 1854 donationes
402 1796 435 1853 et
457 1785 631 1874 privilegia
651 1786 695 1853 ab
717 1786 967 1876 imperatoribus
994 1797 1027 1853 et
1046 1789 1181 1877 regibus
1202 1790 1244 1858 ab
1267 1792 1349 1859 anti·

58 1913 125 1979 quo
148 1912 323 1973 concessa,
358 1893 438 1957 item
467 1912 580 1958 omnes
613 1889 790 1976 libertates,
826 1892 967 1975 fructus,
1000 1890 1187 1979 solutiones,
1221 1917 1349 1977 census,
1468 1930 1473 1937 ·

57 1995 182 2061 tributa
203 1995 379 2083 vectigalia
399 2003 433 2063 et
453 1995 534 2064 alios
556 1995 757 2061 ususfructus
780 1993 875 2084 (qnos
898 2004 931 2062 et
959 2015 1040 2083 quas
1070 1997 1151 2064 alias
1182 2000 1348 2087 quaelibet

58 2099 178 2166 civitas
200 2101 335 2166 seorsim
356 2121 417 2188 pro
439 2122 497 2166 suo
521 2099 606 2167 bono
627 2121 648 2164 a
668 2096 857 2164 fimdatione
892 2108 925 2165 et
962 2103 1124 2168 erectione
1157 2123 1217 2169 sua
1253 2126 1350 2191 seque

60 2201 107 2268 ad
130 2201 191 2269 hoc
211 2211 338 2292 tempus
360 2202 525 2291 utebatur)
548 2225 637 2269 nunc
657 2201 826 2268 indivisim
846 2204 881 2268 in
910 2203 1033 2270 fructus
1068 2227 1143 2272 suos
1165 2213 1294 2272 vertere
1316 2214 1349 2272 et

63 2307 131 2374 illis
152 2309 198 2374 uti
218 2310 357 2397 possint.
399 2308 534 2376 dudleia
556 2318 588 2374 et
610 2329 727 2374 musae
742 2307 938 2396 judiciariae
950 2311 1126 2395 civitatum,
1150 2309 1282 2378 etaliae
1295 2332 1350 2378 res

61 2433 175 2478 omnes
198 2412 240 2479 ad
261 2415 527 2479 communitatem
549 2413 747 2499 pertinentes
770 2411 831 2478 sub
853 2411 1032 2481 directione
1052 2416 1149 2481 unius
1159 2415 1295 2504 judicii,
1318 2422 1351 2481 et

59 2518 159 2583 unius
181 2519 390 2604 magistratus
411 2519 621 2605 imposterum
656 2518 721 2583 sint
749 2525 783 2582 et
810 2526 973 2602 maneant,
1007 2527 1104 2607 atque
1126 2519 1249 2587 similes
1270 2519 1345 2585 lites

54 2621 252 2708 judiciariae
273 2630 412 2708 agantur
433 2630 467 2685 et
488 2621 680 2686 dirimantur
711 2629 836 2685 tantum
868 2622 904 2685 in
934 2623 1025 2687 curia
1056 2622 1347 2711 antiquombensi,

56 2747 237 2813 numquam
258 2725 398 2813 amplius
420 2724 553 2792 divisim
574 2723 697 2811 duplex
719 2725 835 2790 civitas
856 2726 1050 2809 nominetur,
1074 2726 1132 2791 sed
1158 2749 1202 2795 ex
1222 2726 1350 2795 duabus

57 2831 157 2895 unica
166 2829 233 2913 fiat,
255 2831 290 2895 in
305 2828 460 2911 moribus,
484 2827 772 2895 consuetudinibus
787 2835 821 2893 et
832 2828 982 2895 omnibus
996 2829 1070 2895 aliis
1082 2830 1349 2901 ordinationibus.

61 2933 171 3014 Quam
206 2955 299 3000 suam
330 2935 542 3000 intentionem
576 2944 609 2998 et
636 2931 846 3015 voluntatem,
883 2955 943 3020 per
973 2933 1207 3021 praecedentes
1229 2935 1349 3003 multos

59 3058 164 3104 annos
186 3039 365 3125 cupientes,
387 3060 453 3103 non
474 3045 650 3125 potuerunt
668 3038 754 3101 inter
776 3058 812 3101 se
833 3035 877 3103 ad
897 3036 997 3102 finem
1018 3036 1140 3103 bonnm
1156 3047 1189 3105 et
1198 3038 1349 3107 effectum

59 3142 242 3229 perducere
264 3152 297 3207 at
317 3142 504 3219 convenire,
526 3140 675 3229 quamvis
697 3139 834 3206 multum
856 3139 1003 3207 laborem
1012 3150 1045 3207 et
1058 3150 1209 3207 conatum
1231 3142 1273 3209 ad
1287 3143 1349 3209 hoc

61 3246 291 3336 impenderint,
314 3246 416 3332 aliqui
439 3246 537 3311 etiam
560 3267 634 3310 cum
655 3267 774 3331 magno
797 3266 855 3311 suo
877 3243 1021 3332 periculo
1044 3243 1079 3311 id
1100 3245 1258 3332 perlicere
1279 3253 1349 3312 ten·

59 3351 181 3418 tabant
223 3351 333 3438 Atque
353 3350 436 3417 adeo
458 3371 544 3415 anno
576 3357 610 3415 et
637 3349 691 3415 die
724 3371 823 3436 supra
856 3350 985 3437 scriptis
1017 3347 1217 3415 felicissimis
1247 3349 1349 3429 (sieut

60 3455 110 3521 illi
127 3454 293 3543 judicant)
317 3453 399 3520 haec
421 3453 499 3519 unio
519 3453 716 3519 unanimiter
736 3452 862 3541 absque
891 3454 980 3519 omni
1011 3452 1146 3519 dissidio
1167 3454 1342 3521 terminata

59 3568 117 3626 est.
161 3556 215 3623 Ab
238 3557 316 3622 inde
338 3557 542 3624 discedentes
564 3566 792 3645 processerunt
812 3557 1038 3623 adecclesiam
1056 3557 1122 3623 Dei
1134 3557 1248 3623 Matris
1260 3557 1345 3645 Toy·

57 3682 203 3744 nensem,
225 3673 259 3727 et
268 3662 317 3727 Te
331 3662 440 3729 Deum
462 3661 631 3728 laudamus
654 3661 875 3745 decantarunt,
897 3661 1022 3728 viribus
1044 3662 1111 3728 suis
1134 3660 1345 3728 confidentes.

58 3765 144 3832 lllud
167 3775 269 3832 totum
290 3768 326 3831 in
348 3766 411 3833 hoc
431 3766 515 3832 libro
537 3767 681 3855 reperies
699 3767 796 3854 juxta
817 3766 964 3832 ordinem
986 3767 1136 3854 positum.
1180 3764 1303 3831 Verum
1319 3763 1348 3831 ei

59 3868 213 3935 omnibus
235 3868 355 3952 debite,
378 3869 527 3936 ordinate
550 3878 583 3935 et
603 3869 779 3957 prudenter
800 3871 851 3935 nsi
880 3869 1027 3951 fuissent,
1062 3889 1136 3934 cum
1169 3866 1290 3934 debitis
1313 3876 1345 3935 et

55 3975 154 4062 justis
176 3975 294 4053 causis,
318 3973 359 4039 ob
381 3996 463 4063 quas
494 3974 575 4040 haec
607 3975 684 4039 unio
713 3974 800 4039 faeta
833 3982 901 4056 est,
932 3971 1025 4039 labor
1055 3971 1111 4038 ille
1133 3980 1167 4038 et
1186 3971 1348 4039 industria

57 4077 183 4144 firmior
205 4087 237 4142 et
259 4079 457 4144 constantior
478 4077 604 4143 finisset.

141 4178 274 4247 Deinde
296 4204 381 4247 anno
405 4183 497 4248 1522.
527 4181 581 4247 die
604 4180 743 4247 Veneris
772 4192 847 4267 post
875 4170 1046 4246 dimidium
1077 4180 1347 4270 quadragesimae

60 4285 289 4352 serenissimus
320 4286 472 4373 princeps
505 4286 655 4353 dominus
692 4284 841 4350 dominus
873 4284 1062 4351 Ludovicus
1092 4284 1281 4374 Hnngariae
1315 4293 1349 4353 et

58 4387 240 4455 Bohemiae
262 4412 332 4473 rex,
354 4399 528 4478 postquam
544 4393 625 4479 jam,
648 4397 758 4476 utpote
780 4410 877 4453 verus
899 4388 1014 4457 haeres
1037 4389 1207 4476 patrissui
1228 4388 1347 4476 guber-

58 4494 226 4558 nationem
248 4495 374 4580 regiam
395 4495 432 4559 in
453 4517 554 4579 regno
576 4493 765 4578 Hungariae
799 4493 1012 4579 suscepisset,
1043 4501 1076 4558 et
1105 4493 1348 4561 serenissimam

62 4597 249 4683 principem
272 4607 306 4662 et
326 4597 492 4664 dominam
515 4597 680 4665 dominam
701 4595 837 4661 Mariam
868 4595 969 4662 filiam
992 4595 1139 4683 Philippi
1158 4596 1252 4679 regis
1268 4592 1350 4657 Βὴ-

61 4701 197 4785 pariae,
231 4722 375 4770 sororem
407 4703 571 4790 propriam
598 4699 803 4771 Fordinandi
835 4699 1031 4769 arehidndss
1066 4696 1229 4765 ananias
1257 4709 1383 4774 aar&
