2948 5040
1254 190 1319 261 243

25 381 108 427 care
129 355 259 447 popule,
291 362 325 423 et
346 355 531 444 quicunque
552 354 607 424 bic
628 356 855 442 circumstatis,
889 362 923 425 ἰι
942 359 1052 426 Deum
1073 359 1203 446 timetis,
1233 385 1323 431 rece·

26 464 99 530 dite
123 485 166 529 ex
186 461 249 528 hac
270 460 412 529 civitate.
447 458 548 526 Certo
567 461 654 527 enirn
674 460 724 529 illi
746 460 893 529 accidere
915 462 1015 530 debet
1028 485 1173 553 magnus
1196 473 1229 534 ιι
1250 467 1324 534 hor·

24 572 150 634 rendus
174 587 280 645 casus,
303 566 386 632 sicut
408 561 572 653 quondam
595 565 797 634 Gomorrhae
818 575 852 634 et
872 566 1042 653 Sodomae,
1064 568 1121 636 ιιιι
1141 568 1325 638 Jerusalem

25 670 160 738 accidit.
204 669 284 737 Post
304 669 421 757 longos
442 666 575 735 tandem
603 668 770 736 amborum
793 692 969 757 sermones,
992 671 1101 739 dum
1085 694 1158 761 Jam
1180 673 1326 764 undique

29 773 175 842 ambusti
189 773 337 858 fluissent,
361 771 585 840 exclamarunt
572 781 681 840 tvo'ce
702 795 843 864 magna:
864 773 1248 864 DomineJesuObriste,
1261 778 1328 847 Fili

25 879 97 945 Dei
118 877 198 961 vivi,
221 876 272 941 Tu
293 898 352 964 pro
376 874 502 942 nobis
491 898 528 942 ιιι
543 899 646 944 cruce
667 876 815 998 pendens
826 875 956 944 Patrem
977 877 1083 945 Tuum
1104 901 1163 968 pro
1184 881 1326 961 inimicis

26 981 187 1065 exorasti3
209 980 256 1046 ita
278 990 312 1046 et
331 979 452 1046 nos'l'e
474 964 734 1069 deprecamur,
721 980 1018 1069 ignosceomnibus
1041 984 1326 1074 nostrisinimiois,

26 1087 127 1154 Suae
140 1084 266 1171 Regiae
287 1085 353 1151 Μι
339 1083 463 1174 Jestati,
483 1082 716 1173 Pragensibue,
740 1108 851 1153 eorum
867 1085 1007 1182 judici,
1012 1087 1100 1154 clero
1122 1095 1156 1154 et
1176 1089 1326 1157 omnibus

26 1194 125 1279 aliis,
147 1215 214 1258 non
237 1191 343 1256 sciunt
367 1189 464 1274 enim,
487 1189 568 1276 quid
589 1188 720 1275 faciant,
743 1213 879 1279 quorum
900 1213 1016 1259 manus
1037 1191 1154 1282 plenae
1169 1195 1328 1282 sanguine

30 1305 120 1381 sunt,
144 1294 289 1383 digneris
311 1292 377 1358 illis
400 1315 472 1361 esse
501 1294 671 1382 propitius.
715 1292 793 1360 (lari
815 1296 913 1363 etiam
934 1294 1093 1382 homines,
1125 1306 1239 1386 rogate
1259 1298 1327 1366 Do·

25 1403 156 1469 minum
176 1401 296 1482 Deum,
330 1406 363 1465 ιι
383 1406 472 1465 orate
494 1421 553 1487 pro
575 1398 642 1466 Sua
654 1398 826 1488 Majestete
841 1400 945 1488 Regia
965 1402 1167 1490 praesertim,
1188 1401 1326 1470 utDeus

25 1509 58 1574 ei
80 1528 195 1574 veram
227 1502 426 1590 agnitionem
449 1504 499 1569 sui
529 1502 643 1591 largiri
687 1503 849 1590 dignetur,
880 1513 969 1571 certe
999 1505 1086 1571 enim
1117 1507 1262 1596 episcopi
1295 1516 1329 1574 et

26 1610 137 1678 clerus
162 1607 308 1698 ejusdem
332 1629 405 1673 eum
440 1605 606 1692 seducent,
624 1608 666 1672 'si
682 1600 780 1696 juxta
801 1607 876 1675 illos
909 1630 946 1675 se
967 1607 1133 1677 direxerit.
1177 1609 1327 1691 Tandem

20 1717 95 1804 jam
117 1714 205 1802 ignis
235 1715 320 1806 circa
342 1713 465 1778 circum
493 1711 703 1800 grassabatur
723 1722 835 1800 'usque
863 1711 907 1779 ad
935 1711 1053 1779 faciem
1075 1735 1196 1799 eorum,
1229 1736 1327 1782 nares

20 1820 93 1907 jam
116 1816 305 1884 combustae
320 1813 523 1902 deciderunt,
555 1824 588 1882 et
609 1815 813 1882 faciestotae
824 1815 993 1884 ambustae
1014 1816 1161 1907 fuerunt3
1184 1816 1234 1886 illi
1247 1841 1326 1887 vero

29 1920 139 1989 adbuc
161 1921 259 2008 longo
281 1928 427 2009 tempore
447 1919 482 1985 in
503 1918 566 1986 hoe
587 1918 847 2009 perduraverunt
876 1930 910 1988 et
930 1929 1090 2005 arserunt,
1122 1930 1221 2010 atque
1241 1945 1324 1991 voce

26 2048 150 2113 magna
171 2025 214 2092 ad
235 2024 344 2091 Deum
379 2032 562 2108 oraverunt,
599 2021 705 2104 eidem
728 2025 851 2112 gratias
873 2038 1008 2114 agentes
1039 2047 1100 2113 pro
1132 2024 1196 2092 boa
1229 2024 1325 2112 dono,

25 2128 118 2218 quod
140 2132 187 2196 eis
202 2125 408 2196 'concesserit
428 2150 488 2216 pro
509 2128 648 2194 veritate
671 2136 704 2195 et
725 2127 801 2217 lege
831 2152 891 2197 sua
912 2137 1003 2199 tanta
1025 2127 1204 2219 sustinere3
1226 2116 1261 2197 et
1279 2131 1326 2197 ite

24 2235 63 2299 in
84 2232 364 2331 bocpurg'atorio
386 2232 490 2299 vitem
512 2253 604 2298 suam
625 2229 810 2302 finiverunt.
839 2235 842 2239 ’

470 2516 497 2527 ¹,
562 2439 785 2508 onruraa.
833 2450 835 2455 ·

28 2639 95 2700 Ubi
116 2637 284 2699 insinnatur
307 2638 344 2698 de
366 2636 413 2697 his
445 2637 609 2698 combustis
633 2645 663 2697 et
685 2633 803 2697 Christi
834 2636 1025 2718 martyribus,
1044 2639 1206 2718 quomodo
1228 2657 1322 2720 appa·

24 2726 104 2787 ritor
126 2725 165 2784 de
187 2724 250 2785 illis¹
270 2724 503 2803 proclamaverit
524 2732 554 2784 et
576 2744 626 2785 eos
641 2724 852 2800 nominaverit,
875 2733 906 2785 et
927 2745 944 2784 ι
965 2731 1080 2798 contra,
1103 2727 1251 2805 quomodo
1273 2727 1321 2787 illi

104 2813 197 2873 fidem
219 2831 303 2874 suam
327 2811 455 2891 professi
475 2811 600 2887 fuerint,
622 2820 652 2872 ιι
672 2814 846 2891 profitentes
868 2810 963 2873 vitem
984 2830 1070 2873 suam
1092 2813 1251 2877 liniverint

115 2962 182 3028 Hic
203 2960 439 3030 advertendum
461 2969 520 3047 est,
557 2983 641 3050 quae
664 2962 831 3050 apparitor
853 2959 895 3027 de
916 2960 981 3028 illis
1003 2960 1228 3064 publicaverit,
1252 2973 1325 3032 ets

24 3076 144 3135 contra
170 3090 268 3157 snper
290 3088 410 3156 quae
395 3067 515 3132 mortui
537 3067 612 3151 sint,
636 3065 770 3154 quodni
772 3062 926 3133 terthaeo
941 3087 1060 3153 magna
1082 3067 1255 3137 diversitas
1272 3070 1323 3137 sit.

25 3172 174 3240 Cuilibet
161 3174 283 3240 tanim
298 3180 410 3239 notum
427 3179 487 3252 est,
510 3169 597 3258 quod
613 3169 822 3259 quidcunque
843 3170 941 3238 homo
955 3179 1059 3237 morte
1073 3193 1132 3238 sua
1146 3172 1323 3260 obsigillat,

26 3277 111 3344 illud
133 3276 283 3344 homines
305 3277 362 3343 alii
394 3297 454 3364 pro
484 3276 556 3342 veri
557 3282 624 3340 tate
653 3283 743 3341 certa
775 3276 956 3364 suscipiant
989 3282 1023 3340 ιι
1052 3275 1264 3343 secundum
1248 3297 1327 3365 pura

26 3381 231 3450 confirment.
261 3380 354 3462 Quae
376 3390 484 3453 autem
506 3380 672 3468 apparitor
692 3379 882 3469 proclamat,
905 3380 983 3448 lieet
1004 3380 1122 3470 aliquis
1144 3383 1179 3448 ιιι
1201 3389 1326 3449 tortura

28 3484 193 3574 quaedam
214 3486 321 3552 fassus
343 3485 450 3578 fuerit,
472 3492 570 3573 prout
593 3482 732 3550 subinde
748 3485 918 3571 contingit,
942 3486 1052 3551 omnia
1072 3484 1156 3552 falsa
1171 3493 1246 3552 sunt
1259 3506 1327 3553 res·

25 3600 126 3680 pectu
146 3591 272 3676 horum,
295 3614 393 3680 super
419 3611 502 3676 quae
524 3589 580 3655 ille
601 3590 745 3674 moritur,
768 3590 962 3678 praesertim
984 3589 1072 3680 quod
1093 3591 1210 3656 attinet
1232 3611 1324 3657 sano·

27 3705 95 3761 tam
119 3694 227 3779 fidem,
250 3705 347 3785 prout
361 3696 397 3760 in
419 3694 471 3759 his
494 3693 621 3760 duobus
638 3692 814 3760 combustis
828 3691 1027 3782 apparebat;
1050 3693 1217 3783 apparitor
1238 3695 1326 3760 enim

26 3799 254 3888 proclamavit,
278 3799 365 3887 quod
387 3799 429 3865 de
450 3798 523 3864 Deo
548 3806 581 3863 et
594 3795 725 3864 Christo
747 3796 890 3863 Domino
912 3797 999 3891 nihil,
1018 3806 1151 3883 teneant
1173 3786 1235 3864 neo
1257 3820 1324 3865 ore-

27 3904 120 3988 dant,
142 3903 199 3970 ubi
221 3912 330 3970 tamen
351 3902 447 3968 ambo
470 3901 564 3967 aliter
585 3901 774 3989 profitentes
796 3898 915 3968 mortui
938 3911 1022 3986 sunt,
1045 3897 1142 3992 quam
1165 3894 1221 3970 ille
1242 3903 1325 3992 pub·

25 4010 189 4076 licaverit.
211 4008 283 4074 Hoc
299 4009 429 4075 unicum
442 4006 628 4093 lagenarius
649 4005 756 4073 fassus
779 4006 849 4092 fuit,
872 4007 959 4095 quod
980 4006 1068 4074 binis
1091 4005 1220 4075 vicibus
1243 4007 1322 4097 bap·
1391 4089 1394 4098 ,

24 4117 146 4180 tiaatus
170 4116 221 4198 ιιι,
246 4122 279 4180 ιι
300 4136 399 4203 super
420 4111 484 4177 hoc
506 4118 650 4177 mortuus
683 4111 759 4190 fuit3
791 4133 865 4177 cum
886 4113 987 4199 igitur
1009 4110 1192 4200 baptizatus
1214 4111 1324 4199 surerit,

25 4241 107 4306 ergo
130 4217 172 4283 de
202 4217 364 4307 baptismo
387 4215 522 4283 credere
552 4214 674 4297 debuit,
705 4223 803 4302 atque
825 4216 907 4283 fides
941 4216 1034 4282 illum
1056 4215 1099 4281 ad
1121 4215 1184 4283 hoo
1207 4218 1324 4304 coegit,

26 4333 63 4390 ut
84 4324 182 4390 aliter
203 4345 269 4388 non
291 4323 445 4411 baptizet,
468 4320 533 4385 nisi
555 4321 590 4385 in
612 4319 747 4385 nomine
768 4320 932 4387 Patriset
952 4320 1030 4386 Filii
1051 4316 1133 4386 Jesu
1148 4319 1325 4387 Christiet

23 4427 169 4517 Spiritus
193 4427 316 4510 Sancti,
346 4428 441 4492 unius
463 4424 538 4507 Dei,
574 4423 737 4511 quomodo
768 4424 878 4512 itaque
900 4423 977 4490 huie
998 4423 1212 4545 publicationi
1235 4424 1325 4491 credi

22 4541 136 4622 potest
157 4534 261 4619 magis
284 4532 318 4597 in
340 4549 405 4594 uno
444 4528 528 4592 siout
548 4527 583 4591 in
605 4526 651 4592 alt
638 4535 717 4610 ιιιο,
752 4526 925 4612 cumillis,
957 4527 1013 4616 qui
1035 4528 1066 4594 ιι
1087 4529 1134 4595 ιιι
1154 4526 1324 4617 publicare

22 4636 275 4720 mandaverunt,
299 4655 395 4723 quam
417 4631 476 4713 illi,
500 4630 556 4719 qui
577 4631 701 4719 aliquid
721 4640 826 4698 morte
849 4653 908 4698 sua
930 4631 1108 4700 confirmat.

114 4740 190 4808 Jam
212 4763 290 4829 ergo
312 4737 449 4806 babetur
465 4735 581 4803 notitia
602 4736 644 4804 de
666 4738 719 4804 bis
733 4737 886 4808 omnibus
907 4739 1058 4829 quinque
1073 4738 1343 4906 pepsomsoom-

1097 4842 1124 4908 b
