2948 5040
129 168 196 238 150

100 360 251 429 pacem,
299 339 440 427 quietem
475 340 507 399 et
540 331 729 399 charitatem
761 331 916 419 perduxit
948 350 1022 399 cum
1038 331 1131 415 illia,
1163 331 1219 417 qui
1250 329 1424 395 veritatem

128 450 375 531 assumpserunt
407 440 494 505 etin
517 445 709 504 testamento
721 435 843 503 Christi
863 437 926 504 sibi
942 436 1215 526 complacuerunt,
1239 436 1421 502 secundum

44 528 48 535 ¹
131 548 218 638 qnod
244 570 280 612 se
301 546 454 632 dirigunt,
476 544 697 631 relinquentes
719 563 831 606 omnes
853 543 993 611 incertas
1014 546 1149 636 papales
1163 543 1423 611 constitutiones.

131 655 225 720 Haec
252 659 359 717 autern
381 648 490 714 omnia
511 647 597 712 facta
618 654 693 712 sunt
725 655 759 711 et
780 655 867 713 certe
888 649 970 717 fiunt
991 655 1061 719 sins
1092 649 1322 742 compactatis3
1359 649 1423 714 imo

132 782 198 826 non
222 758 325 823 solum
346 755 381 819 hi
403 754 568 835 Germani,
591 751 665 816 -sed
688 759 721 816 et
742 751 835 816 multi
856 755 891 818 in
913 755 1140 845 adjacentibus
1161 754 1352 844 regionibus
1393 762 1422 819 et

132 873 246 952 gentes
272 884 315 926 ex
336 860 426 925 omni
447 865 539 945 parte
561 859 729 944 proximae
752 867 920 923 assumunt
948 870 979 925 et
1010 862 1135 949 eligunt
1155 862 1263 948 legem
1285 860 1355 926 Dei
1394 870 1422 925 et

133 975 361 1036 testamentum
386 961 509 1028 Christi
531 962 675 1043 Domini,
699 960 787 1026 ethi
809 982 923 1059 omnes
946 964 1100 1033 deserunt
1110 976 1239 1057 papam,
1263 966 1336 1053 ejus
1351 986 1420 1030 con·

132 1074 315 1139 stitutiones
339 1077 373 1133 et
394 1065 598 1133 inventiones
621 1066 687 1150 legi
710 1064 841 1132 divinae
872 1061 1049 1136 contrarias
1073 1082 1107 1139 et
1127 1072 1253 1153 noxias,
1288 1069 1421 1154 Vosque

131 1187 224 1244 natos
246 1174 409 1240 Bohemos
432 1171 568 1237 irrident
591 1179 622 1235 et
645 1179 863 1256 contemnunt,
896 1175 1118 1265 miranturque
1152 1174 1315 1264 praelatos
1347 1174 1418 1240 Pra-

128 1304 256 1371 genses,
281 1279 368 1365 quod
391 1286 456 1343 tam
479 1276 575 1343 avide
596 1276 733 1341 Romam
756 1277 913 1342 accedant
944 1288 976 1345 et
997 1282 1200 1348 inventiones
1228 1300 1336 1346 novas
1373 1301 1421 1344 se·

131 1395 279 1476 quantur.
301 1384 375 1448 Hae
402 1390 509 1447 autem
531 1381 654 1460 literae,
678 1402 758 1468 quas
780 1380 840 1445 tibi
861 1385 1018 1469 magister
1040 1386 1134 1453 Galle
1173 1407 1246 1452 cum
1269 1383 1421 1473 praelatis

126 1493 191 1557 tuis
224 1488 400 1576 composui,
424 1508 488 1551 non
512 1493 585 1551 sunt
606 1484 712 1550 factae
735 1507 777 1550 ex
799 1486 940 1570 quodam
962 1488 1037 1555 odio
1067 1500 1124 1557 aut
1145 1484 1328 1572 inimicitia,
1365 1511 1423 1555 nec

126 1593 258 1683 aliquod
283 1592 413 1675 malum,
450 1599 505 1656 aut
525 1590 678 1656 nocivum
701 1611 843 1677 unquam
866 1604 1090 1678 conseverunt,
1137 1595 1196 1661 sed
1217 1595 1286 1665 Vos
1321 1594 1422 1660 multa

130 1699 228 1767 valde
250 1707 282 1762 et
303 1693 570 1782 incomparabilia
599 1694 695 1778 agitis
717 1703 830 1760 contra
862 1718 974 1782 regem
1008 1708 1040 1765 et
1060 1700 1239 1765 Dominum
1273 1708 1418 1766 vestrum

132 1807 305 1874 coelestem
318 1804 433 1870 Jesum
445 1801 620 1884 Christum,
644 1808 756 1866 contra
773 1804 943 1869 veritatem
959 1806 1143 1870 testamenti
1163 1805 1232 1892 ejus
1264 1812 1297 1868 et
1313 1813 1423 1869 contra

130 1912 266 1978 salutem
290 1908 387 1974 totius
409 1907 530 1996 populi,
569 1914 723 1991 cogentes
745 1906 819 1971 illos
840 1907 882 1973 ad
905 1930 958 1973 res
981 1910 1199 1990 inconsuetas,
1244 1898 1424 1972 christiani·

128 2016 186 2083 tati
209 2015 398 2096 contrarias,
432 2021 544 2078 contra
567 2011 673 2097 legem
695 2011 760 2076 Dei
798 2022 830 2077 et
852 2022 964 2078 contra
984 2013 1150 2102 propriam
1181 2012 1424 2096 conscientiam,

127 2129 222 2209 prout
253 2119 401 2206 superius
424 2116 519 2181 latius
543 2115 667 2181 dictum
689 2115 758 2180 fuit.
782 2116 855 2202 Ego
877 2118 978 2203 igitur
998 2125 1151 2205 peccator
1173 2116 1333 2203 indignus
1348 2118 1424 2184 haec

131 2227 238 2292 sciens
272 2234 304 2290 et
335 2244 484 2305 noscens,
518 2243 721 2310 nequaquam
758 2244 811 2286 me
845 2224 986 2287 retinere
1023 2244 1062 2287 ac
1113 2223 1294 2309 praeterire
1323 2224 1420 2310 potui,

130 2351 249 2416 magno
272 2328 383 2393 dolore
405 2335 520 2409 motus,
545 2327 744 2413 compatiens
756 2325 859 2391 Vobis
883 2334 915 2391 et
929 2326 1161 2410 communitati,
1184 2324 1325 2392 horrens
1340 2326 1421 2393 dam·

131 2436 296 2501 nationem
305 2432 465 2514 Vestram,
488 2430 657 2518 Vobisque
679 2431 839 2495 inservire
861 2430 961 2512 volui,
984 2438 1020 2495 ut
1042 2429 1192 2496 atalibus
1205 2431 1306 2497 rebus
1319 2434 1418 2499 noxiis

132 2539 267 2604 cessetis
300 2545 332 2601 et
353 2536 395 2600 ad
416 2557 528 2600 veram
550 2535 781 2622 poenitentiam
814 2535 868 2599 vel
897 2535 1067 2599 veritatem
1090 2533 1263 2603 accedatis.
1306 2536 1416 2609 Datum

129 2643 257 2729 Pragae
279 2648 354 2705 ante
388 2641 514 2705 tertiam
537 2640 743 2704 Dominicam
768 2637 1048 2726 quadragesimae,
1083 2636 1136 2703 die
1170 2639 1203 2706 S.
1239 2640 1418 2723 Gertrudis,

129 2770 213 2812 anno
236 2745 413 2813 Salvatoris
435 2747 539 2811 nostri
561 2745 593 2832 (1
618 2742 716 2831 Nov.)
743 2743 836 2808 1525.

649 2847 789 2912 Mathias
813 2847 967 2935 indignus
991 2870 1104 2914 servus
1129 2848 1203 2914 Dei.

217 3061 287 3126 Has
310 3061 420 3126 literas
443 3059 520 3126 dum
543 3081 602 3148 per
624 3057 779 3124 famulum
803 3081 895 3125 suum
918 3057 961 3124 ad
984 3057 1221 3135 consistorium,
1257 3059 1301 3124 ad
1325 3059 1422 3125 admi·

138 3167 344 3232 nistratorem
367 3163 514 3231 Ozahera
534 3165 686 3248 misisset,
725 3167 873 3250 sequenti
897 3165 950 3232 die
977 3163 1127 3231 sabbathi
1158 3164 1247 3228 misit
1279 3187 1339 3251 pro
1373 3163 1423 3228 illo

134 3270 384 3352 administrator,
408 3278 444 3334 ut
466 3267 818 3354 accedatTeynensem
833 3271 1032 3356 parochiam,
1056 3276 1089 3332 et
1110 3275 1286 3355 postquam
1309 3291 1349 3335 eo
1372 3267 1421 3334 de·

25 3400 30 3409 ·
135 3378 289 3460 venisset,
313 3373 527 3439 amicabiliter
549 3372 654 3437 eidem
677 3373 802 3438 locutus
832 3374 894 3439 fuit
925 3384 956 3440 et
990 3374 1142 3440 salutavit
1162 3371 1246 3438 Joab
1270 3372 1423 3439 Amanum

134 3481 325 3547 salutatione
346 3478 490 3562 infideli3
525 3477 650 3542 occulte
674 3479 760 3542 enim
782 3480 871 3544 misit
892 3502 950 3566 pro
969 3479 1082 3569 judice
1104 3487 1136 3542 et
1159 3478 1255 3544 sociis
1280 3479 1362 3566 ejus,
1395 3487 1423 3543 et

137 3588 171 3651 in
195 3605 342 3651 carceres
365 3581 455 3647 illum
479 3582 554 3647 duci
571 3584 671 3670 jussit
692 3583 872 3668 inferiores,
895 3586 952 3652 ubi
974 3583 1112 3649 malefici
1128 3581 1285 3647 custodiri
1309 3582 1420 3666 solent,

133 3710 283 3755 unacum
304 3686 425 3752 famulo
438 3687 594 3773 ejusdem,
608 3688 828 3773 Pragensibus
851 3690 892 3755 ad
915 3691 996 3755 haec
1024 3686 1289 3772 conniventibus3
1324 3688 1421 3754 famu·

131 3794 199 3858 lum
222 3814 301 3858 vero
324 3792 394 3878 ejus
417 3790 513 3878 paulo
546 3799 621 3878 post
655 3793 771 3856 iterum
804 3794 1006 3859 dimiserunt.
1042 3792 1205 3874 Quamdiu
1227 3814 1305 3857 vero
1328 3793 1424 3858 frater

134 3899 274 3964 Mathias
297 3897 330 3960 in
354 3896 403 3960 his
423 3896 607 3961 carceribus
629 3897 734 3980 furerit,
759 3907 886 3984 tempus
908 3898 962 3962 hic
985 3897 1151 3963 scribendi
1172 3920 1237 3963 non
1261 3909 1330 3986 est3
1355 3923 1423 3967 cum

135 4004 223 4067 enim
245 4002 381 4066 intentio
403 4022 475 4065 moa
498 4003 548 4085 sit,
573 4004 690 4085 omnia,
714 4026 796 4087 quae
814 4005 1027 4089 contigerunt,
1046 4003 1142 4090 juxta
1158 4004 1304 4070 ordinem
1328 4029 1423 4071 anno·

132 4105 233 4188 tandi,
258 4107 335 4170 hinc
358 4128 456 4190 cogor
478 4108 568 4192 prius
591 4109 699 4172 omnia
722 4130 851 4194 ponere,
876 4129 958 4194 quae
980 4116 1125 4194 tompore
1147 4107 1423 4176 illiusincarcera·

103 4280 105 4287 q
130 4212 227 4275 tionis
250 4211 336 4275 facta
360 4222 442 4296 sunt,
477 4223 509 4278 et
540 4224 712 4301 postquam
735 4215 816 4278 haec
838 4217 1001 4280 recensita
1031 4214 1159 4297 fuerint,
1193 4236 1258 4279 non
1281 4216 1423 4280 omittam

129 4314 186 4379 illa
209 4336 369 4398 enarrare,
405 4340 497 4404 quae,
528 4319 618 4383 illum
643 4316 880 4395 concernentia,
913 4321 1116 4406 contigerint,
1138 4321 1173 4384 in
1195 4318 1278 4384 libro
1302 4330 1423 4406 quarto,

132 4421 238 4506 capite
261 4422 375 4506 primo.
421 4421 538 4505 Crede,
563 4422 649 4510 quod
674 4426 708 4488 in
730 4422 781 4488 his
815 4424 1001 4489 carceribus
1025 4426 1157 4489 minime
1180 4426 1298 4490 otiatus
1319 4425 1423 4509 fuerit,

132 4524 190 4588 sed
214 4545 340 4589 sacram
364 4527 557 4613 scripturam
580 4528 731 4593 continuo
761 4528 877 4614 legerit
899 4537 931 4593 et
953 4530 1128 4615 scripserit,
1160 4551 1180 4594 a
1201 4528 1274 4594 Deo
1297 4531 1423 4597 confor-

130 4638 216 4693 tatus
241 4637 273 4694 et
295 4629 480 4695 consolatus
503 4652 562 4716 per
584 4629 756 4696 lectionem
780 4654 892 4699 sacrae
916 4634 1114 4722 seripturae3
1137 4642 1306 4722 praeterea
1329 4636 1424 4702 etiam

122 4732 216 4803 Deus
249 4734 413 4821 mitigavit
446 4743 479 4799 et
511 4734 676 4801 addictum
710 4735 759 4802 illi
792 4736 935 4804 reddidit
952 4737 1101 4826 judicem
1124 4760 1197 4805 cum
1219 4738 1346 4826 lictore,
1370 4738 1424 4829 qui
