2948 5040
84 138 145 211 :24

97 311 275 379 directores
297 317 501 395 conservent,
534 317 570 379 at
589 312 687 379 etiam
718 312 754 377 in
776 310 838 377 hoo
860 309 1065 397 diligentiam
1087 303 1274 387 adhibeant,
1298 310 1336 369 ut
1359 303 1397 369 in

101 418 261 505 scriptura
283 416 536 504 sacrepopulus
560 416 742 500 edoceatur,
764 415 868 482 acob
902 414 965 481 hoc
1004 412 1113 479 eidem
1134 408 1243 477 media
1271 405 1315 473 ad
1349 407 1397 474 vi·

98 519 242 588 vandum
265 520 452 587 necessaria
475 521 733 608 suppeditentur.

183 811 282 898 Item;
307 812 500 879 clericorum
521 813 629 881 nullus
652 821 764 881 contra
786 814 985 881 seinvicem
1007 813 1221 891 concionatur,
1242 818 1275 877 et
1287 809 1400 877 nullus

94 917 242 1001 alterum,
265 918 357 1004 quasi
378 916 503 1005 aliquid
537 940 708 985 erroneum
730 927 763 984 et
783 918 964 984 indebitum
991 924 1112 1004 ageret,
1135 917 1313 1005 vituperet3
1338 912 1400 981 sed

97 1022 124 1104 si
146 1021 181 1084 in
202 1020 303 1085 altero
326 1043 392 1086 non
425 1021 579 1108 placeret,
612 1021 647 1086 id
676 1022 784 1109 quiete
816 1023 851 1086 in
873 1023 961 1086 omni
983 1021 1139 1086 charitate
1160 1042 1219 1108 pro
1241 1024 1394 1085 emenda·

95 1124 183 1211 tione
205 1124 347 1189 invicem
379 1125 554 1190 insinuent.
599 1124 735 1212 Siquid
764 1146 843 1190 vero
877 1125 939 1211 ipsi
969 1124 1141 1190 emendare
1173 1146 1239 1188 non
1271 1121 1396 1206 valent,

96 1229 278 1293 omittentes
302 1249 413 1293 omnes
453 1229 641 1313 calumnias,
663 1227 746 1294 illud
768 1227 1023 1295 administratori
1046 1235 1078 1293 et
1099 1226 1292 1292 consiliariis
1322 1229 1394 1314 ejus

95 1332 247 1417 referant,
272 1332 327 1420 qui
349 1333 430 1399 haec
451 1333 620 1399 audientes
654 1334 752 1420 juxta
781 1332 887 1419 legem
910 1333 975 1399 Dei
1003 1333 1092 1420 juste
1121 1338 1328 1419 componant,
1365 1336 1397 1395 et

91 1436 279 1504 emendent.

533 1541 953 1609 DeSacramantis.

174 1658 193 1727 ‚²
720 1665 772 1731 13.

188 1762 285 1845 Quod
318 1764 515 1852 baptismum
538 1768 714 1852 concernit,
748 1788 822 1834 cum
844 1768 973 1853 signum
996 1767 1066 1855 ejus
1088 1766 1132 1832 sit
1165 1766 1397 1834 reviviscentis

98 1868 285 1956 spiritualis·
299 1870 334 1934 in
356 1890 436 1935 vera
460 1867 584 1938 Christi
604 1873 679 1951 fide,
701 1872 777 1938 ideo
799 1873 983 1938 cumomni
1005 1872 1229 1937 aestimatione
1251 1872 1395 1939 conferri

99 1975 214 2058 debet,
237 1986 269 2042 et
290 1979 483 2065 praeprimis
515 1976 602 2064 apud
624 1978 768 2064 patrinos
796 1984 828 2041 et
848 1996 974 2042 morum
1003 1978 1175 2062 magistros
1204 1978 1390 2064 requiritur,

96 2087 133 2144 ut
153 2081 200 2168 pii
223 2089 255 2146 et
275 2081 389 2146 fideles
413 2084 486 2159 sint,
510 2091 542 2147 et
571 2102 699 2146 omnem
731 2079 944 2165 diligentiam,
980 2088 1078 2167 prout
1106 2089 1267 2165 tenentur,
1300 2081 1391 2147 adhi-

90 2183 206 2268 ¹beant,
230 2186 329 2250 etiam
350 2195 504 2273 parentas
527 2184 770 2268 admoneantur,
794 2182 892 2250 talem
913 2193 949 2249 ut
971 2184 1176 2252 sedulitatem
1206 2193 1383 2270 assumant,

99 2310 174 2354 cum
195 2288 336 2354 infantes
358 2291 394 2354 in
415 2291 581 2376 praesenti
612 2289 678 2355 fide
704 2288 863 2357 ecclesiae
890 2289 957 2355 Dei
984 2289 1019 2353 in
1039 2299 1211 2377 parentum
1232 2299 1265 2357 et
1285 2292 1386 2378 patri·

100 2413 216 2457 norum
237 2394 371 2481 propria
392 2392 457 2457 fide
478 2393 635 2481 baptisari
659 2392 808 2478 debeant,
832 2403 865 2460 et
886 2396 1066 2484 baptismus
1094 2395 1151 2462 ille
1168 2396 1266 2483 juxta
1286 2397 1385 2461 ritum

98 2496 267 2581 antiquum
291 2496 373 2581 legis
406 2496 536 2563 divinae
560 2497 751 2582 celebretur,
789 2500 853 2564 nisi
883 2501 955 2567 sine
987 2501 1062 2568 dolo
1091 2501 1270 2567 necessitas
1300 2496 1390 2565 aliud

98 2599 259 2666 suaderet.
280 2599 360 2664 Post
382 2600 578 2687 baptismum
599 2603 627 2666 si
650 2602 758 2668 infans
780 2612 874 2691 aptus
898 2606 952 2687 sit,
975 2615 1008 2672 et
1029 2606 1151 2692 patrini
1172 2626 1213 2670 ac
1235 2612 1387 2690 parentes

94 2711 252 2791 peterent,
275 2712 311 2768 ut
334 2706 364 2770 ei
387 2715 625 2773 sacramentum
656 2707 800 2792 corporis
831 2715 863 2771 et
895 2710 1061 2796 sanguinis
1093 2708 1216 2781 domini
1248 2706 1387 2773 admini-

98 2814 236 2890 stretur,
281 2807 387 2874 eidem
427 2811 550 2896 porrigi
590 2820 718 2898 potest,
761 2811 821 2878 sed
861 2835 935 2878 cum
972 2814 1107 2900 praevia
1147 2810 1382 2878 deliberatione

96 2910 285 2978 sacerdotis.

244 3028 246 3033 '
719 3019 769 3085 14

181 3117 286 3206 Item;
310 3121 505 3189 sacrificium
526 3126 656 3208 missae,
679 3145 754 3190 cum
775 3122 864 3190 aliud
886 3122 968 3190 nihil
1000 3123 1052 3206 sit,
1085 3122 1149 3189 nisi
1181 3120 1284 3207 digna
1315 3142 1388 3189 cor·

99 3224 189 3310 poris
212 3233 245 3289 et
267 3229 435 3312 sanguinis
457 3227 581 3294 Christi
607 3229 743 3295 Domini
776 3230 926 3317 sumptio,
958 3230 994 3294 in
1027 3227 1304 3294 confirmationem
1333 3246 1387 3291 no·

74 3370 77 3375 ·
99 3335 187 3393 strae
209 3327 295 3413 fidei,
319 3338 353 3395 et
371 3332 407 3396 in
422 3333 612 3399 memoriam
627 3334 789 3420 passionis
805 3343 838 3399 et
854 3334 998 3400 omnium
1013 3330 1247 3399 beneficiorum
1262 3327 1383 3397 Ohnisti

96 3431 257 3500 celebrari
278 3432 385 3501 debet.

184 3640 286 3722 Item;
309 3641 395 3728 quod
426 3650 533 3707 autem
555 3643 620 3708 alia
641 3645 676 3709 in
698 3645 857 3712 sacrificio
879 3647 999 3713 missae
1028 3645 1140 3715 addin
1165 3644 1291 3726 attinet,
1325 3642 1386 3709 hoc

96 3743 221 3827 ordine,
244 3746 437 3835 praesertim
459 3753 573 3812 cantus
597 3756 772 3817 serventur.
814 3749 934 3834 Primo,
968 3752 1052 3816 sicut
1080 3751 1121 3817 ab
1157 3749 1293 3834 antiquo
1319 3746 1385 3812 fue·

95 3857 173 3913 runt
193 3850 354 3931 introitus,
377 3856 491 3914 cantus
513 3853 707 3938 praeprimis
729 3875 789 3941 pro
811 3852 928 3921 diebus
951 3854 1122 3921 dominicis
1138 3863 1171 3920 et
1186 3857 1265 3929 anni
1280 3854 1382 3936 festis,

95 3952 235 4038 virginis
256 3950 390 4028 Mariua
425 3960 457 4017 et
477 3951 537 4018 aliiv
557 3977 600 4021 ex
622 3958 783 4044 scriptura
806 3979 899 4024 sacra
921 3958 1093 4047 desumpti.
1125 3960 1230 4047 Kyrie
1252 3959 1384 4040 eleison,

94 4065 210 4123 cantus
237 4052 435 4139 angelorum,
458 4057 562 4143 gloria
582 4060 617 4125 in
630 4060 769 4127 excelsis
783 4061 866 4146 Deo,
890 4070 924 4128 et
943 4067 978 4128 in
994 4072 1080 4128 terra
1101 4087 1168 4152 pax
1188 4062 1383 4146 hominihus,

71 4158 260 4246 epistolae,
288 4159 468 4244 graduales,
491 4162 633 4252 alleluja,
655 4176 688 4231 at
710 4188 768 4232 suo
791 4175 936 4252 tempore
960 4189 1095 4254 praeces
1111 4168 1280 4257 quaedam,
1304 4184 1385 4256 quaa

94 4284 168 4326 oum
198 4262 272 4347 lege
295 4262 406 4329 divina
427 4269 640 4352 concordant3
674 4269 895 4362 haecomnia,
926 4280 1080 4357 quantum
1100 4273 1173 4339 fieri
1206 4281 1325 4360 potest,
1351 4275 1383 4339 in

92 4365 205 4451 lingua
220 4366 425 4454 ¹intelligibili
447 4372 535 4454 fiant,
560 4383 591 4439 et
614 4375 700 4462 quod
722 4374 804 4464 alios
827 4378 908 4441 ritus
935 4380 1110 4461 concernit,
1132 4400 1251 4464 nempe
1276 4388 1383 4445 vestes

93 4477 128 4534 et
148 4480 339 4537 ornamenta
360 4475 593 4562 ecclesiastiea,
627 4502 819 4567 permanere
840 4492 985 4568 possunt,
1007 4482 1181 4549 dummodo
1203 4482 1287 4549 haec
1309 4485 1382 4566 sint,

86 4579 126 4637 et
146 4570 225 4639 fiant
255 4575 291 4640 in
324 4578 538 4665 simplicitate,
574 4583 645 4649 sine
673 4583 835 4671 superbia,
859 4587 930 4653 sine
964 4587 1135 4674 superfluis
1162 4590 1318 4676 expensis
1351 4593 1382 4658 et

67 4674 217 4767 *absque
239 4701 337 4750 onere
359 4682 535 4764 hominum.
1126 4696 1131 4701 '
1337 4685 1340 4689 ’
