2948 5040
134 174 199 249 1s2

132 333 216 433 sunt,
239 358 276 415 ut
296 347 409 415 videre
432 348 537 414 estin
559 348 693 436 scripto,
716 348 803 437 quod
823 348 960 439 incipit:
991 350 1081 419 Dum
1101 350 1237 418 Romam
1262 351 1428 419 venissent

132 468 203 543 etc,
225 457 283 523 ubi
304 465 413 522 tomen
435 477 494 542 pro
516 461 595 521 tunc
622 453 732 519 utilius
764 453 825 521 fuit
845 455 1000 522 Bohemis
1024 465 1056 522 et
1085 455 1231 523 Morovis
1265 465 1429 545 appetere,

132 571 165 629 et
185 562 268 628 nihil
292 562 476 642 effecenmt,
501 556 560 623 sed
582 565 785 645 compectata
805 557 888 625 haee
909 559 975 626 illis
996 561 1088 651 Papa
1110 582 1183 627 cum
1206 560 1429 629 cardinalibus

131 669 167 733 in
189 666 327 731 nihilum
349 665 468 749 vertit3
493 663 654 752 quomodo
675 665 775 750 igitur
787 687 874 730 nunc
895 688 962 732 non
980 666 1102 733 debent
1122 669 1157 732 in
1178 667 1321 751 nihilum
1351 668 1428 737 verti

133 781 165 840 et
187 773 359 854 contemni,
383 770 439 836 ubi
461 769 583 857 triplex
604 768 733 835 aceedit
755 792 874 836 cause:
1215 838 1219 847 ,

216 878 346 945 Primo:
375 898 448 942 cum
469 876 523 941 his
546 874 755 963 temporibus,
772 875 846 941 Deo
868 876 989 962 gratiss
1012 876 1150 977 egendo,
1171 879 1236 945 illie
1260 902 1346 968 opus
1369 902 1423 946 nos

133 986 182 1062 sit,
205 991 241 1048 ut
258 983 328 1069 jam
351 980 429 1046 dixi

219 1085 390 1153 Secundo:
424 1106 498 1150 cum
530 1105 551 1148 a
574 1084 651 1151 sede
674 1084 831 1169 Romano,
863 1094 974 1174 utpote
1007 1110 1061 1153 res
1094 1088 1203 1155 inanis
1236 1097 1271 1155 et
1304 1087 1423 1155 inutilis

136 1200 370 1265 contemnetur.
1121 1218 1124 1223 ·

220 1297 352 1363 Tertio:
376 1294 529 1376 maxime,
560 1293 638 1380 quie
659 1292 724 1359 illis
746 1293 802 1361 lex
823 1295 888 1361 Dei
918 1297 1118 1365 contradicit.
1162 1297 1310 1385 Ideoque
1332 1298 1426 1363 intel-

134 1403 238 1470 lectus
261 1409 294 1466 et
315 1421 395 1465 sona
416 1398 498 1463 ratio
522 1396 632 1476 dictat,
654 1396 740 1464 hone
762 1422 832 1465 rem
854 1421 927 1467 esse
960 1401 1092 1469 inanem
1114 1411 1148 1468 et
1169 1402 1318 1482 stultam,
1343 1403 1427 1468 simi·

132 1509 176 1575 lie
197 1506 399 1572 infructuose
431 1504 530 1568 tentis
553 1504 708 1591 expensis
742 1527 906 1592 quaerere.
951 1505 1101 1573 Tandem
1133 1509 1169 1573 in
1206 1507 1260 1574 die
1282 1508 1428 1595 magistri

132 1614 269 1680 Joannis
291 1611 364 1677 Hus
397 1607 460 1674 hoc
489 1629 575 1693 anno
597 1608 780 1694 Pragenses
803 1610 910 1677 denuo
941 1611 1039 1677 telem
1061 1615 1306 1702 processionem
1341 1614 1428 1679 insti·

132 1725 271 1800 tuerunt,
294 1725 331 1780 ut
352 1722 458 1797 antee,
481 1721 513 1777 et
534 1711 592 1777 ille
613 1712 668 1778 die
698 1737 828 1781 omnem
859 1720 1037 1804 potentiam
1059 1728 1093 1785 et
1113 1722 1201 1786 vires
1236 1742 1316 1786 sues
1347 1719 1428 1809 prin·

132 1823 198 1911 cipi
221 1820 349 1900 Oarolo,
373 1819 503 1886 domino
526 1817 615 1901 Lew,
647 1827 680 1884 et
700 1820 774 1886 eliis
797 1832 874 1888 tune
895 1823 1004 1889 multis
1033 1823 1260 1911 praesentibus
1291 1825 1429 1913 proceri·

132 1927 195 1993 bus
216 1926 259 1991 ad
281 1925 471 2013 petitionem
485 1925 615 1991 illorum
638 1924 864 2012 exhibuerunt,
888 1936 921 1993 et
941 1930 1200 2016 perBohemiem
1229 1938 1263 1994 et
1292 1950 1429 1997 commu·

133 2031 250 2096 nitetes
273 2030 481 2118 scripserunt,
515 2038 551 2095 ut
571 2031 690 2095 armati
719 2034 915 2097 convenient
943 2034 978 2096 in
1007 2032 1113 2099 forum
1133 2034 1314 2120 Fregenae,
1349 2057 1428 2124 quse

133 2137 241 2203 omnia
263 2135 350 2200 facta
373 2144 459 2220 sunt,
483 2134 671 2222 etquidem
697 2145 888 2224 expetentes
913 2135 976 2202 sibi
998 2158 1089 2202 arma
1110 2139 1309 2206 interritos
1341 2164 1429 2231 eque

135 2253 218 2309 stres
242 2252 274 2308 et
303 2243 447 2310 Judoeos
479 2252 669 2330 apparatum
711 2243 774 2308 sibi
805 2251 1076 2330 comparaverunt
1098 2241 1264 2329 debitum3
1304 2245 1428 2333 quidem

132 2371 210 2416 vero
240 2348 399 2414 familiam
429 2349 586 2437 juvenem
621 2350 896 2437 conquisiverunt,
928 2370 1065 2435 quorum
1096 2349 1239 2415 omnium
1278 2371 1427 2417 numerus

132 2456 294 2521 maximus
312 2456 410 2541 juxte
430 2453 571 2541 plurium
594 2454 761 2520 hominum
783 2453 1045 2519 informationem
1066 2452 1128 2518 fuit
1150 2455 1283 2519 circiter
1306 2455 1352 2521 ad
1372 2455 1424 2521 duo

133 2560 237 2625 millia
259 2568 292 2624 et
313 2561 518 2644 quingentos,
555 2561 609 2648 qui
634 2583 679 2644 se,
714 2567 834 2647 quanta
856 2558 1023 2624 honestate
1044 2567 1223 2645 potuereut,
1246 2566 1420 2647 praesente

133 2672 258 2746 verunt,
283 2685 364 2750 quos
388 2663 481 2728 multi
493 2664 640 2730 advenae
659 2665 899 2752 conspicientes
916 2662 1169 2747 admirabantur,
1193 2672 1225 2729 et
1240 2687 1305 2752 pro
1330 2665 1423 2730 futur

133 2771 290 2834 memoria
312 2778 345 2833 et
367 2769 515 2835 clenodio
541 2770 604 2836 sibi
625 2770 849 2836 aestimabant.
895 2769 966 2834 Ahl
991 2768 1144 2853 Ocridon,
1170 2768 1331 2857 Goridon,
1354 2791 1428 2858 quoe

134 2884 167 2940 te
190 2874 355 2939 dementia
377 2873 493 2961 cepit?
538 2874 576 2939 In
608 2875 759 2942 omnibus
782 2874 833 2939 his
868 2873 999 2962 scriptis
1029 2875 1213 2962 quicunque
1248 2887 1430 2945 controver·

136 2981 199 3046 sias
222 2980 281 3045 hes
305 2989 337 3045 et
357 2979 538 3046 discordias
570 3003 683 3046 omnes
717 3004 737 3046 o
768 2979 930 3068 principio
965 3000 1067 3067 usque
1097 2979 1140 3046 ed
1172 2979 1270 3044 finem
1307 2981 1429 3049 habites

130 3086 230 3173 juste,
254 3084 433 3172 prudenter
453 3108 493 3150 ac
527 3085 702 3172 diligenter
737 3085 955 3174 perpenderit,
991 3085 1141 3171 reperiet,
1174 3086 1286 3150 omnia
1308 3087 1430 3173 Progne

138 3188 189 3255 his
213 3189 413 3277 temporibus
436 3199 519 3273 ecto,
544 3190 780 3278 quodammodo
802 3189 880 3255 ficto
901 3188 1001 3253 fuisse
1017 3187 1059 3253 eb
1081 3211 1145 3254 uno
1161 3188 1318 3276 alterove,
1340 3191 1430 3257 nihil·

137 3317 200 3382 que
222 3296 293 3360 veri
315 3317 355 3359 ac
372 3296 452 3381 justi
476 3295 639 3379 habuisse,
673 3295 759 3383 quod
782 3293 1014 3376 demonstrent,
1049 3301 1082 3358 et
1103 3293 1233 3381 quidem
1256 3303 1326 3361 tem
1350 3296 1429 3379 laici,

137 3421 234 3486 quem
258 3397 379 3480 elerici,
403 3400 644 3486 quodquidam
678 3400 811 3487 ipsimet
830 3405 1055 3484 agnoverunt,
1091 3420 1148 3463 eur
1177 3420 1255 3465 vero
1291 3408 1351 3465 eut
1373 3420 1429 3490 que

139 3502 180 3568 de
204 3524 303 3567 cause
324 3501 406 3569 haec
437 3504 499 3570 sibi
534 3504 699 3588 finxerint,
725 3506 794 3592 jem
831 3524 928 3590 supra
961 3501 1084 3567 dietum
1111 3501 1181 3567 fuit.
1227 3501 1322 3583 Quae
1357 3502 1428 3572 'vero

136 3614 267 3694 praeter
289 3606 371 3672 haec
394 3618 538 3692 egerunt,
561 3611 681 3697 injuste
704 3620 778 3675 acte
798 3607 937 3690 fuerunt,
970 3606 1013 3672 ab
1036 3606 1101 3671 illis
1124 3607 1200 3693 jura
1221 3629 1288 3673 non
1320 3610 1428 3676 obser·

139 3710 303 3776 vantibus.
328 3710 379 3777 ΟΞ
397 3722 474 3800 quot
490 3715 654 3780 hominum
663 3713 794 3802 judices
809 3712 955 3779 dolenter
970 3710 1234 3798 imploraverunt,
1246 3717 1429 3800 petiverunt

138 3825 170 3881 et
185 3838 244 3902 per
262 3816 369 3881 Deum
392 3830 555 3906 rogarunt,
577 3820 724 3887 volentes
742 3820 827 3907 juris
844 3818 956 3885 ordine
977 3816 1085 3880 audiri
1106 3824 1139 3880 et
1147 3815 1191 3882 ab
1213 3820 1367 3888 omnibus
1387 3825 1428 3889 in·

138 3921 256 3988 debitis
291 3924 425 4008 absolvi,
461 3949 558 4014 super
579 3925 666 4015 qued
688 3925 769 3991 nihil
797 3926 917 4012 justius
939 3921 1078 3987 inveniri
1099 3930 1215 4008 potest,
1249 3925 1334 3993 nihil
1359 3950 1428 3996 vero

139 4026 286 4093 obtinere
309 4041 490 4116 potuerunt.
526 4031 618 4113 Quae
642 4053 720 4117 ergo
744 4031 900 4095 securitas
924 4049 996 4092 esse
1018 4028 1132 4114 potuit,
1155 4051 1196 4094 ne
1218 4028 1372 4099 homines
1393 4033 1451 4101 ob.

138 4134 339 4219 inopinatum
363 4158 456 4201 suum
478 4134 599 4200 malum
622 4158 640 4201 e
664 4136 794 4202 civitate
830 4141 966 4218 exeant,
1002 4154 1077 4196 nam
1098 4132 1219 4198 factum
1241 4135 1313 4222 fuit,
1349 4125 1429 4229 qued

138 4238 256 4303 multos
278 4242 468 4306 innocentes
491 4264 550 4328 pro
573 4243 638 4306 reis
655 4241 836 4306 habuerint.
874 4237 939 4304 Ubi
956 4237 1043 4301 enim
1065 4237 1116 4301 vis
1139 4260 1178 4302 ac
1199 4238 1428 4311 violentia-do·

138 4344 288 4430 minatur,
311 4346 359 4411 ibi
377 4347 507 4433 justitia
528 4348 615 4412 vires
637 4355 669 4412 et
691 4369 809 4412 nomen
832 4345 970 4427 emittit3
1005 4340 1063 4407 ubi
1084 4363 1163 4407 vero
1180 4343 1310 4429 justitia
1332 4350 1426 4431 abest,

138 4446 252 4515 horror
274 4451 394 4516 inferni
417 4449 586 4536 inhabitat,
613 4474 676 4540 quo
699 4452 859 4540 scriptura
882 4473 976 4517 sacre
1007 4471 1119 4517 omnes
1150 4449 1270 4536 injuste
1299 4465 1427 4542 egentes

138 4552 315 4643 adjudicet.
399 4636 401 4640 ¹
