2948 5040
357 278 365 331 1
1330 176 1374 249 88

65 341 184 425 'namt
205 347 244 406 nt
262 339 359 407 homo
380 356 485 406 verax
501 354 580 406 'cum
601 338 685 408 ¹aliis.
742 339 809 407 Sed
830 343 950 428 neseio,
973 366 1037 428 qua
1068 344 1111 413 de
1142 367 1241 415 carme
1257 396 1260 401 -
1274 371 1369 439 quos·

71 446 149 512 dam
171 445 326 511 articulos
349 444 527 533 deprimis
548 446 616 511 suis
638 444 735 511 dictis
768 448 944 532 omiserint,
966 451 1053 517 etin
1074 451 1277 541 scriptosuo
1304 477 1371 524 non

72 551 266 633 notaverint,
289 549 435 636 aliosque
457 549 715 636 immutaverint3
738 549 911 638 prudentia
930 575 1009 621 vero
1032 553 1149 640 dictat,
1170 555 1245 624 illos
1270 557 1372 627 finisse

69 654 193 740 pudore
214 663 317 720 tactos
336 663 373 720 et
387 653 511 738 timore,
531 663 570 720 nt
600 655 719 739 omnia,
741 677 826 742 quae
845 665 923 723 tunc
943 657 1155 746 protulerunt,
1184 662 1257 749 regi
1289 663 1371 733 sori·

69 759 153 826 bere
178 758 346 825 deberent.
375 757 524 824 Fuerunt
546 759 632 825 enim
654 757 837 827 vetularum
859 782 967 850 nugae
1000 763 1244 854 improbabiles,
1265 790 1371 858 aeque

69 865 156 930 sicut
175 864 211 929 in
233 861 284 928 bis
306 860 418 927 literis.

157 966 281 1032 Verum
302 965 409 1032 adhuc
422 966 532 1055 aliqua
543 966 584 1035 ab
598 968 664 1034 illis
685 966 772 1033 dicta
793 966 921 1053 addam,
945 967 986 1034 de
1008 970 1125 1058 quibus
1147 968 1293 1063 captivos
1305 974 1371 1043 cul·

67 1072 222 1160 paverint
248 1080 280 1136 et
303 1080 378 1136 sunt
400 1072 584 1160 sequentia3
607 1092 724 1160 nempe
746 1072 900 1139 dixerunt
920 1072 995 1140 illos
1016 1074 1155 1142 dixisse:
1185 1100 1227 1144 an
1257 1080 1373 1148 dentur

68 1177 198 1261 sancti3
220 1175 282 1241 hcc
305 1174 394 1263 quod
413 1177 570 1260 nesciant,
594 1176 691 1242 etism
714 1177 801 1264 quod
822 1200 957 1244 necesse
989 1182 1120 1246 nonsit
1155 1192 1294 1267 senemr„
1316 1187 1368 1253 in·

64 1303 188 1348 vocare
210 1288 243 1345 et
264 1279 420 1345 auxilium
442 1279 484 1346 ab
505 1280 571 1347 illis
592 1288 713 1369 petere,
736 1302 842 1370 neque
874 1281 947 1349 illos
969 1283 1137 1369 honorare,
1161 1309 1235 1352 cum
1257 1288 1367 1356 Chris·

35 1374 47 1431 ἶ
66 1395 123 1452 tus
161 1386 220 1473 per
255 1385 441 1472 passionem
474 1407 565 1450 suam
597 1407 656 1473 pro
693 1385 787 1454 nobis
820 1386 970 1455 omnibus
1004 1388 1196 1457 satisfecerit
1227 1402 1260 1459 et
1282 1395 1369 1462 vitae

65 1492 215 1580 ipsorum
238 1489 311 1572 sint,
345 1490 428 1555 sicut
450 1488 586 1555 aliorum
608 1512 733 1558 canum.
779 1489 979 1580 Spreverunt
1001 1493 1098 1558 etiam
1115 1495 1253 1583 jejunia,
1277 1521 1368 1568 revo-

67 1603 182 1662 cantes
216 1614 251 1658 se
273 1592 314 1658 ad
337 1592 522 1681 passionem
555 1594 696 1679 Christi,
729 1616 789 1684 per
822 1616 919 1683 quam
953 1595 1108 1664 dixerunt
1139 1599 1240 1667 fuisse
1274 1604 1366 1670 satis·

71 1699 208 1766 factum.
587 1720 590 1727 ·

156 1803 258 1888 Item,
290 1804 407 1886 misam
431 1802 518 1892 quod
540 1798 709 1870 necesaria
730 1825 798 1869 non
820 1803 862 1868 sit
895 1810 928 1869 et
959 1805 995 1868 in
1027 1803 1085 1870 illa
1116 1826 1182 1874 non
1215 1809 1368 1929 offerattu

69 1909 238 1992 Christus,
262 1926 336 1972 cum
353 1909 424 1996 jam
448 1907 549 1973 semel
571 1906 659 1974 oblat
646 1916 698 1972 tus
719 1906 825 1972 merit

152 2013 253 2097 Item3
289 2011 408 2100 quod
397 2033 432 2076 ιιι
455 2019 655 2077 sacramento
622 2010 788 2076 taltaris
810 2010 902 2076 Deus
923 2033 1079 2098 praesens
1101 2035 1168 2081 non
1203 2017 1290 2086 sit.

152 2118 257 2203 'Item3
282 2116 415 2205 quidam
439 2114 624 2181 sacerdotes
648 2114 690 2181 de
713 2137 749 2181 se
771 2115 1058 2201 concionabantur,
1089 2118 1176 2206 quod
1202 2123 1366 2190 matrimo-

67 2223 128 2286 nio
137 2223 228 2309 jungi
242 2223 377 2310 possint,
400 2219 539 2309 ideoque
561 2221 658 2285 etiam
680 2219 812 2308 quidam
835 2219 1020 2287 sacerdotes
1041 2243 1161 2288 uxores
1176 2222 1241 2295 sibi
1256 2249 1364 2317 sump-

74 2335 193 2412 serunt,
217 2329 269 2394 eui
291 2329 412 2415 captivi
434 2327 469 2393 hi
490 2348 556 2394 non
578 2327 773 2394 restiterunt.
817 2326 861 2393 ut
890 2326 1040 2417 quamvis
1068 2328 1163 2417 plura
1184 2328 1272 2398 dicta
1298 2331 1365 2398 fue·

62 2432 150 2512 rint,
173 2433 214 2499 de
235 2433 286 2498 his
309 2455 389 2499 vero
411 2432 595 2520 praecipuis
618 2430 766 2498 sufficiat.

151 2537 234 2605 Post
266 2536 437 2603 articulum
470 2536 618 2602 ultimum
651 2536 713 2602 fuit
734 2536 888 2603 lectnmt
874 2536 1095 2605 testimonium
1125 2537 1213 2606 Galli
1235 2537 1364 2609 Onchar

62 2644 250 2710 consistorii
282 2641 486 2725 administrat
473 2641 553 2707 toris
583 2642 618 2706 in
639 2639 727 2707 huno
750 2652 901 2707 sensum.
933 2664 1071 2732 nempe,
1108 2642 1196 2731 quod
1218 2665 1294 2725 cum
1316 2645 1363 2712 lu·

64 2747 176 2815 dibrio
199 2745 423 2814 sacerdotibus
458 2744 609 2812 fidelibus
643 2747 800 2834 scriptum
833 2745 930 2812 fuerit
968 2747 1028 2821 sub
1062 2747 1231 2814 consulatu
1264 2747 1364 2817 Joan-

56 2853 111 2917 nis
134 2850 251 2941 Ziaby,
273 2873 315 2916 nc
337 2853 372 2917 in
394 2849 528 2916 cucullis
552 2849 725 2934 celebrent,
760 2849 978 2917 Pickhartiois
1007 2861 1115 2917 autem
1138 2853 1363 2920 sacerdotibus

58 2943 345 3027 audacibusillud
365 2956 563 3021 insinuatum
585 2977 650 3021 non
683 2955 753 3035 fuit.
811 2955 952 3020 Martino
983 2955 1144 3022 sacerdoti
1173 2957 1228 3023 hic
1259 2959 1362 3025 mults

56 3062 146 3129 falsa
167 3060 420 3149 adscripserunt,
454 3060 644 3147 praesertim
668 3059 754 3147 quod
777 3059 887 3125 multis
908 3060 944 3127 in
965 3058 1027 3126 hac
1057 3063 1285 3128 communitate
1307 3085 1363 3130 no·

60 3176 134 3233 tum
156 3165 219 3232 fuit
239 3164 351 3243 aliter,
373 3185 471 3254 quam
493 3163 542 3230 illi
563 3162 810 3247 attestabantur,
832 3186 971 3252 nempe,
993 3164 1081 3252 quod
1109 3165 1269 3232 Martinus
1302 3167 1359 3234 ille

58 3288 139 3337 cum
161 3269 234 3341 aliis
257 3266 478 3334 sacerdotibus
500 3267 567 3332 suis
600 3276 837 3333 sacramentum
869 3269 1013 3356 corporis
1046 3276 1079 3334 et
1112 3271 1279 3356 sangarinis
1322 3272 1361 3336 in

56 3375 182 3441 missae
205 3373 363 3439 sacrificio
386 3362 483 3461 super
504 3371 674 3437 humerum
696 3370 906 3457 elevaverint,
940 3381 973 3438 et
993 3370 1058 3437 alia
1091 3372 1186 3461 plura
1221 3374 1296 3440 ficta
1329 3385 1363 3441 et

58 3478 148 3546 falsa
170 3478 351 3546 edixerunt
395 3475 542 3543 Tandem
564 3476 800 3542 attestabantur
820 3479 927 3561 etiam,
952 3477 1039 3565 quod
1060 3476 1204 3545 loannes
1227 3481 1361 3548 Hlavvsa

58 3606 138 3650 cum
168 3581 420 3649 adhaerentibus
462 3583 528 3647 suis
568 3580 772 3649 mandaverit
758 3580 1046 3667 teucerdctihus,
1083 3605 1126 3648 ne
1169 3605 1285 3672 corpus
1330 3595 1363 3653 et

59 3689 256 3775 sanguinem
289 3687 464 3753 Domini
454 3710 489 3751 111
522 3686 733 3753 concionibus
764 3688 830 3753 suis
863 3689 1000 3754 nimium
1021 3701 1228 3775 venerentur,
1251 3711 1358 3780 neque

56 3797 258 3881 vituperent.
302 3792 348 3858 Et
368 3792 432 3858 aiis
454 3792 504 3858 his
527 3792 654 3858 similia.

143 3898 246 3984 Item3
284 3896 374 3964 aliud
407 3899 627 3965 testimonium
660 3898 829 3988 cujusdam
852 3897 1029 3964 sacerdotis
1058 3897 1229 3965 Adalberti
1263 3922 1357 3989 paro·

55 4003 113 4070 chi
147 4002 331 4092 Teynensis
362 4014 474 4070 contra
510 4006 746 4070 incarceratum
778 4004 969 4090 magistrum
1001 4003 1203 4090 Brykonium
1236 4006 1357 4074 editum

53 4108 129 4193 fuit,
175 4109 261 4197 quod
295 4111 392 4174 etiam
423 4109 600 4175 inhibuerit
632 4108 853 4174 sacerdotibus
882 4109 916 4175 in
946 4110 1101 4198 parochia
1134 4109 1167 4177 S.
1201 4111 1368 4200 Stephani

53 4215 212 4302 majoris,
248 4238 291 4280 ne
313 4216 450 4282 nimium
482 4215 640 4282 extollant
671 4237 787 4303 corpus
811 4213 942 4298 Christi,
965 4236 1073 4303 neque
1094 4217 1289 4304 vituperent,
1324 4204 1357 4284 et

54 4319 105 4385 sic
128 4317 275 4385 ulterius.

88 4502 92 4507 ,
143 4423 245 4510 Item3
280 4424 369 4491 aliud
393 4424 499 4491 adhuc
520 4425 740 4492 testimonium
770 4424 880 4490 datum
902 4432 1015 4491 contra
1036 4423 1235 4513 Brykcnium
1262 4445 1283 4488 a
1304 4445 1353 4489 sa·

52 4527 190 4597 cerdote
219 4528 425 4618 Hieronymo
460 4528 602 4618 parocho
626 4530 669 4594 ad
692 4529 725 4595 S.
759 4527 944 4613 Oastulum,
979 4531 1037 4618 qui
1070 4529 1175 4597 eidem
1207 4530 1354 4610 formata,

51 4635 111 4703 vel
140 4633 251 4702 literas
272 4635 506 4702 testimoniales
528 4634 726 4702 asservanda
748 4634 902 4721 tradidit3
925 4634 1003 4700 dum
1024 4636 1164 4701 autem
1152 4635 1219 4722 rpsi
1240 4626 1353 4701 eadem

51 4742 258 4826 restitueret,
288 4740 389 4810 dixit:
421 4740 617 4810 dementiam
646 4762 801 4829 magnam
840 4762 934 4828 esse,
965 4739 1059 4832 quod
1087 4737 1287 4805 sacerdotes
1309 4756 1381 4820 pec

1134 4845 1178 4910 Q}
