2948 5040
1283 152 1347 225 lid

53 324 178 392 allatae
197 323 339 403 fuerunt,
361 331 534 413 praesente
555 321 662 390 adbuc
682 319 797 391 Budas
818 321 982 409 magistro
996 319 1125 391 Pessek
1146 326 1181 389 et
1200 320 1275 389 eliis
1290 320 1348 389 sb·

53 429 185 518 legatis,
215 430 271 518 qni
292 442 402 497 eorem
423 451 503 516 rege
521 428 643 495 Joenni
653 427 807 495 Hlswsse
829 436 862 494 et
878 427 1009 495 Schorff
1026 427 1128 495 ferme
1149 424 1348 515 respondere

53 542 87 602 st
108 534 240 623 obloqui
254 556 320 601 non
341 533 563 618 susifuerunt,
585 533 741 618 dieentes,
756 555 792 600 se
803 533 993 601 mandatum
1006 532 1102 623 hujus
1124 554 1191 598 non
1212 529 1347 597 habere.

51 639 93 705 In
115 639 234 728 quibus
256 639 359 705 literis
380 662 441 705 rex
461 641 496 704 in
519 639 606 706 huno
627 660 760 705 sensum
792 660 835 704 ex
856 636 1003 726 pluribus
1024 637 1136 706 verbis
1158 642 1348 724 excerptum

51 745 205 832 inprimis
227 744 369 832 principi
391 752 424 810 et
445 745 576 816 domino
598 743 677 810 Low
700 742 833 829 scribit3
857 742 945 831 quod
967 741 1090 811 eisdem
1123 743 1230 812 adbuc
1259 741 1348 832 apud

52 848 260 937 Msjcstatem
292 847 392 915 Suam
413 848 551 935 Regiam
571 848 685 916 Budas
720 847 946 934 existentibus,
981 849 1284 918 Joannesfllawsa
1310 859 1348 921 et

53 952 188 1021 Schorff
205 975 279 1019 cum
302 952 497 1041 quibusdam
517 952 857 1040 Nicro-Pragensibus
880 975 924 1020 ex
945 952 1108 1041 Pragensi
1129 956 1262 1023 civitate
1290 978 1348 1021 re·

52 1055 181 1144 legatis,
202 1057 423 1125 innocentium
444 1080 537 1124 suam
556 1058 802 1142 insinuaverint,
824 1064 978 1145 rogantes
1009 1081 1069 1148 per
1091 1059 1348 1127 misericordiam

52 1159 226 1246 Altissimi,
248 1171 284 1228 ut
304 1162 505 1230 audientiam
526 1162 672 1230 obtinere
694 1164 829 1252 possint,
860 1161 1085 1251 supplicantes
1116 1164 1222 1248 etiem,
1256 1163 1348 1229 utin

52 1267 152 1335 bonis
182 1267 251 1333 suis
272 1268 524 1335 cum-uxoribus
546 1278 580 1334 et
599 1267 712 1334 liberis
724 1269 912 1335 conservari
934 1277 966 1335 et
980 1268 1136 1334 alimenta
1158 1291 1217 1334 sus
1239 1289 1341 1356 quae-

54 1376 181 1451 rere'sc
193 1373 429 1459 negotiationes
451 1392 528 1440 suas
549 1390 703 1441 exercete
724 1373 859 1460 possint,
883 1380 915 1438 et
936 1372 965 1438 si
987 1373 1059 1459 quis
1074 1393 1130 1439 eos
1151 1372 1187 1438 in
1208 1395 1245 1439 re
1269 1395 1346 1462 qua·
1386 1398 1389 1403 ·

55 1475 135 1542 dnm
157 1475 289 1565 culpare
310 1477 419 1562 vellet,
441 1477 570 1566 quoda
591 1476 984 1565 SuaMajestate,Regia,
1015 1484 1047 1541 et
1069 1475 1215 1564 ejusdem
1237 1479 1346 1545 cousi·

55 1579 162 1669 liariis
183 1589 308 1648 tentum
329 1581 435 1649 audiri
460 1581 491 1648 et
518 1583 662 1671 judicari
702 1580 807 1650 velint
838 1581 892 1647 vel
919 1604 940 1647 a
959 1579 1057 1669 pleno
1080 1588 1185 1647 terrae
1211 1572 1348 1671 judicio,

56 1693 115 1751 snt
137 1687 235 1752 etiem
256 1708 277 1752 a
299 1687 366 1754 solo
389 1690 475 1756 statu
496 1687 596 1771 civili,
619 1695 651 1753 et
683 1688 713 1754 si
740 1685 875 1773 aliquod
895 1684 1018 1751 malum
1039 1693 1072 1751 et
1093 1707 1282 1773 perversum
1303 1688 1347 1757 de

55 1789 125 1861 illis
145 1789 318 1878 probatum
339 1791 446 1876 fuerit,
472 1782 515 1859 *se
537 1791 728 1859 submittere
751 1800 784 1858 et
803 1789 928 1858 nullam
949 1811 1088 1877 poenam
1112 1790 1215 1858 vitare
1235 1793 1348 1866 velint

56 1893 219 1983 Adeoque
252 1895 339 1984 quod
367 1918 437 1976 rem
472 1897 558 1963 banc
590 1895 656 1962 illis
693 1895 821 1963 duobus
843 1893 911 1962 Sue
930 1893 1085 1981 Majestss
1098 1898 1278 1967 committat
1314 1908 1349 1966 et

56 1999 201 2083 mandet,
223 2007 260 2065 ut
281 1999 353 2067 sine
375 2001 464 2067 omni
485 1999 642 2067 dilatione
664 2007 866 2066 assumentes
887 1997 996 2063 adhuc
1009 1997 1166 2085 quosdam
1176 2024 1348 2089 procerum

57 2096 162 2171 status
180 2105 344 2192 equestris
367 2112 399 2170 et
423 2104 530 2171 civilis
551 2127 719 2193 personas,
741 2102 818 2171 huic
839 2104 888 2169 rei
909 2101 1089 2187 intendant,
1112 2113 1145 2169 et
1165 2106 1250 2173 inter
1270 2124 1348 2196 par·-

57 2217 111 2275 tes
132 2217 285 2297 unusque
307 2207 482 2296 diligenter
504 2218 536 2277 et
557 2209 774 2277 amicabiliter
795 2217 904 2296 agant,
926 2217 963 2275 ut
984 2229 1097 2289 omnes
1126 2207 1348 2279 dissensiones

61 2320 98 2378 et
118 2311 318 2396 inimicitiae,
342 2335 425 2401 quae
447 2316 532 2382 inter
552 2315 628 2383 illos
656 2322 836 2398 versantur,
869 2313 1060 2401 quantocius
1090 2311 1199 2380 debite
1221 2337 1351 2405 compo.

64 2422 189 2495 nentur,
223 2416 487 2508 dissidentesque
518 2421 554 2486 in
589 2419 780 2488 charitatem
816 2426 849 2484 et
882 2416 1004 2485 bonum
1037 2410 1136 2482 finem
1158 2418 1349 2506 perducant,

59 2519 108 2585 its
128 2529 164 2586 ut
182 2518 234 2589 illi
254 2521 392 2609 relegati
413 2533 488 2611 post
515 2523 615 2592 talem
636 2521 845 2593 amicabilem
877 2521 1145 2609 compositionem
1178 2523 1287 2612 quiete
1319 2534 1353 2595 et

57 2624 393 2713 pacificeinbabitare
402 2637 435 2694 et
445 2629 683 2716 negotiationes
695 2650 769 2696 suas
778 2635 917 2697 tractore
927 2627 1063 2715 possint,
1072 2648 1146 2693 cum
1156 2627 1205 2695 illi
1213 2631 1352 2699 etismse

59 2729 289 2799 submittentes
301 2754 359 2799 suo
373 2733 549 2801 stelionum
562 2733 665 2801 verbo
676 2733 874 2822 promittant,
888 2729 976 2818 quod
987 2752 1061 2797 cnm
1073 2731 1224 2799 omnibus
1233 2735 1352 2802 incolis
1444 2733 1447 2737 ’

56 2833 279 2929 Pregensibus
299 2836 334 2901 in
350 2835 506 2904 charitate
517 2846 550 2903 et
560 2837 733 2904 concordia
744 2856 964 2924 perseverare,
977 2841 1010 2898 et
1031 2833 1153 2902 nullam
1174 2838 1352 2907 vindictam

58 2947 92 3005 et
107 2939 280 3007 tumultum
300 2950 460 3009 attentare
474 2942 591 3028 velint3
615 2944 681 3010 imo
696 2942 724 3008 si
736 2939 859 3030 aliquid
875 2939 981 3005 simile
998 2939 1144 3027 oriretur,
1168 2943 1353 3017 omnimode

57 3042 236 3111 defendere
257 3047 448 3132 intendaut3
471 3047 660 3115 oberrantes
682 3069 703 3114 a
722 3044 788 3127 fide
810 3045 898 3134 quod
934 3043 1032 3113 ctiam
1064 3067 1132 3113 non
1153 3048 1227 3116 sint.
1258 3048 1352 3114 Haeo

59 3147 172 3213 omnia
194 3149 327 3216 efficere
349 3150 531 3218 debuerunt
552 3151 707 3240 princeps
729 3158 762 3216 et
784 3149 934 3215 dominus
956 3146 1036 3214 Lew
1068 3172 1171 3240 usque
1201 3152 1244 3218 ed
1266 3151 1352 3219 diem

58 3250 95 3319 S.
117 3252 235 3321 Jacobi
255 3263 333 3322 bunc
365 3257 516 3345 proxime
537 3265 720 3323 venturum.
769 3253 900 3321 Interea
921 3274 999 3321 vero
1021 3257 1176 3344 temporis
1198 3257 1353 3346 quamdiu

61 3354 147 3424 haec
179 3368 328 3446 agentur,
362 3360 527 3427 consensit
560 3383 632 3444 rex,
656 3368 692 3426 ut
714 3357 827 3427 exules
850 3361 939 3428 circa
970 3360 1109 3446 Pragam
1131 3361 1166 3427 in
1187 3361 1298 3428 fundis
1321 3370 1354 3428 et

59 3459 157 3529 bonis
181 3464 258 3548 suis,
280 3465 315 3530 in
336 3462 440 3533 hortis
461 3472 519 3530 aut
538 3465 656 3548 vineis,
680 3462 835 3553 quamdiu
856 3485 910 3529 res
934 3465 1113 3553 composita
1135 3474 1168 3531 et
1189 3465 1231 3532 ad
1253 3466 1352 3533 finem

61 3565 223 3656 perducta
242 3590 308 3636 non
330 3569 436 3653 fuerit,
459 3569 563 3638 libere
584 3567 733 3637 habitare
754 3568 893 3657 possint,
916 3568 1013 3635 etiam
1031 3590 1140 3636 arcem
1151 3570 1351 3656 Pregensem

57 3693 120 3760 pro
150 3673 400 3746 necessitatibus
433 3677 500 3741 suis
532 3673 663 3763 ingredi
692 3672 757 3741 illis
791 3672 916 3747 licitum
950 3675 1002 3757 sit,
1037 3675 1120 3741 etsi
1153 3675 1210 3763 qui
1230 3674 1349 3744 fundos

59 3798 137 3844 suos
159 3787 192 3844 et
213 3777 300 3846 bona
320 3800 423 3869 prope
443 3780 582 3868 Pragam
606 3802 673 3846 non
694 3777 845 3862 habeant,
878 3777 965 3867 apud
995 3780 1117 3845 amicos
1151 3800 1227 3846 suos
1264 3781 1351 3848 ciros
1401 3856 1410 3865 ,

59 3881 227 3948 civitatem
260 3905 296 3948 se
318 3882 493 3953 detineant.
538 3883 575 3951 Si
596 3906 674 3951 vero
687 3881 927 3949 controversiae
939 3880 1001 3947 hae
1012 3885 1162 3972 componi
1176 3907 1242 3951 non
1263 3886 1351 3952 nale·

60 3994 145 4070 rent,
178 3994 247 4053 tum
268 4009 322 4055 res
344 3987 421 4055 illae
442 3987 485 4056 sd
500 3989 661 4079 judicium
691 3987 846 4054 devenire
869 3985 1020 4067 debeant,
1042 3987 1084 4054 de
1106 3986 1224 4078 quibus
1253 3992 1351 4059 etiam

59 4112 96 4157 se
118 4088 203 4159 velle
238 4092 458 4180 Pregensibus
481 4093 635 4162 scribere.
678 4091 802 4157 Datum
837 4090 951 4158 Budae
986 4091 1040 4158 die
1072 4092 1231 4162 Sabbathi
1267 4096 1351 4163 festo

57 4195 198 4263 Joannis
230 4195 410 4285 Baptistae,
443 4220 529 4266 enno
564 4207 626 4266 etc.
655 4200 707 4268 25.
737 4198 956 4286 Pragensibus
986 4199 1117 4268 tandem
1156 4225 1217 4271 rex
1250 4207 1349 4273 etiam

63 4302 198 4390 scripsit
217 4302 253 4367 in
273 4303 359 4370 hunc
382 4325 523 4388 sensum,
547 4303 745 4391 significans,
768 4303 855 4393 quod
877 4306 1090 4373 necessitates
1113 4307 1194 4375 tales
1217 4311 1349 4377 commi·

61 4405 142 4472 serit
163 4406 305 4495 principi
328 4416 360 4474 et
382 4408 514 4475 domino
534 4407 623 4492 Lew,
646 4405 877 4495 admonuitque
899 4409 973 4478 illos
995 4432 1118 4497 omnes,
1140 4422 1178 4480 ut
1197 4413 1240 4482 ad
1262 4412 1350 4483 bunc

59 4519 170 4579 sctum
191 4510 389 4602 obsequiose
410 4521 629 4602 compereant,
653 4522 687 4580 et
707 4515 934 4602 compositioni
961 4516 1128 4584 accedant.

146 4615 252 4684 timu
275 4616 401 4684 eisdem
421 4618 608 4703 insinuavit,
631 4616 719 4708 quod
739 4619 826 4685 intre
846 4628 974 4710 tempus
986 4620 1082 4710 htp‘us
1103 4619 1348 4689 sotionisliber·

59 4728 162 4791 tatem
193 4720 259 4793 illis
292 4721 447 4793 exsulibus
479 4721 610 4810 tribuet,
643 4721 812 4795 mutendi
845 4725 933 4799 circa
961 4725 1118 4815 Pragsm,
1145 4725 1211 4795 ubi
1224 4727 1367 4806 netum,
