2948 5040
1306 174 1349 244 63

56 345 268 429 Pragensem,
292 340 351 406 sed
383 363 425 406 ex
449 339 601 406 mandato
624 339 823 428 Sobipecky'.
868 342 912 406 Et
945 341 1031 429 quod
1054 342 1179 406 Passek
1202 342 1255 408 die
1291 343 1358 410 Do·

56 450 181 515 minica
216 444 444 536 praecedenti,
481 445 517 509 id
553 453 602 509 est
635 453 723 510 ante·
745 445 833 511 diem
856 446 890 513 S.
921 446 1090 512 Laurentii
1126 449 1159 511 in
1197 448 1360 514 territorio

58 552 93 618 S.
116 552 207 639 Galli
239 550 382 626 dixerit,
418 570 452 613 se
474 550 683 614 inventurum
707 548 788 613 tales
822 550 955 634 amicos,
980 551 1036 637 qui
1058 549 1123 633 illa,
1149 552 1360 639 quaeipsis

57 657 267 746 parochianis
304 655 504 740 infliguntur,
528 650 755 718 vindicabunt.
800 652 892 720 Sicut
915 662 947 718 et
977 654 1179 737 factumest,
1204 655 1290 742 quod
1311 656 1359 720 in·

59 763 209 850 ceperint
241 759 429 840 vindicare,
451 759 486 822 in
508 756 566 822 illa
590 757 818 844 captivatione.
867 758 960 823 Haec
982 757 1081 822 fassio
1105 780 1216 824 eorum
1238 760 1273 824 in
1295 768 1359 825 tor·

57 876 131 933 1111
152 863 371 932 concordabat
392 884 466 927 cum
486 861 596 927 verbis
618 871 694 927 ante
716 870 870 929 torturam
892 863 998 947 editis,
1022 862 1108 950 quod
1131 864 1228 928 etiam
1250 884 1359 929 coram

58 971 288 1037 communitate
310 969 550 1034 intimaverunt.

143 1074 184 1139 In
206 1073 257 1138 his
279 1093 357 1138 vero
380 1093 445 1137 non
467 1071 706 1158 acquieverunt
729 1071 922 1157 Pragenses,
947 1070 1005 1137 sed
1027 1081 1102 1159 post
1130 1073 1258 1159 longius
1281 1082 1359 1140 tem·

60 1200 141 1267 pus,
165 1187 198 1243 et
219 1178 295 1243 dum
327 1179 398 1264 jam
421 1176 455 1241 hi
478 1198 591 1241 omnes
624 1176 731 1260 Praga
751 1177 926 1265 proscripti
949 1178 1039 1244 cives
1063 1177 1104 1242 dc
1127 1180 1258 1244 civitate
1288 1181 1357 1247 exi·

59 1286 199 1366 vissent,
232 1290 388 1371 ceperunt
409 1282 593 1366 Pragenses
628 1280 709 1346 duos
731 1283 911 1365 vinitores,
948 1283 1004 1369 qui
1026 1291 1101 1348 ante
1124 1292 1270 1372 tempora
1294 1307 1359 1351 ser·

59 1389 193 1455 vierunt
213 1389 247 1451 in
270 1388 368 1452 vinea
390 1386 516 1452 Nicolai
539 1385 676 1470 Schorff,
701 1408 821 1473 eosque
850 1382 1146 1472 incarceraverunt,
1171 1397 1203 1454 et
1225 1388 1356 1455 tandem

58 1491 207 1558 carnifici
242 1513 347 1578 aeque
381 1488 423 1556 ad
456 1491 673 1579 torquendum
706 1489 921 1556 tradiderunt.
978 1491 1232 1573 Quaestionibus
1279 1516 1355 1581 ergo

63 1596 230 1684 subjectos
252 1598 536 1682 interrogaverunt
559 1597 643 1661 sicut
664 1597 800 1683 priores,
824 1619 910 1662 anne
933 1596 1058 1684 aliquid
1081 1600 1186 1664 sciant
1208 1596 1357 1664 dominis

58 1701 276 1783 occisionum,
308 1722 350 1766 11
372 1722 437 1765 111
460 1699 584 1788 aliquid
606 1701 713 1767 simile
735 1700 920 1767 audiverint
941 1725 961 1765 a
983 1723 1041 1767 suo
1063 1701 1195 1770 domino
1220 1703 1359 1772 Sohorfa

59 1807 113 1875 vel
138 1805 321 1894 aquodam
352 1805 426 1888 alio,
450 1814 578 1871 etcum
602 1805 690 1894 quali
712 1808 824 1871 nuntio
847 1806 889 1871 ab
913 1806 1027 1871 eodem
1040 1807 1172 1875 Schorff
1182 1809 1224 1874 ad
1246 1809 1357 1876 Hlaw·

59 1935 95 1977 sa
128 1911 223 1976 missi
256 1909 394 1992 fuerint,
418 1918 450 1974 et
472 1908 592 1974 similia
624 1909 689 1974 alia
709 1909 866 1996 figmenta
887 1909 954 1975 illis
987 1922 1237 1999 proposuerunt,
1262 1923 1294 1978 et
1315 1914 1357 1979 de

55 2017 107 2082 his
137 2017 435 2102 interrogaverunt,
458 2013 541 2079 nihil
564 2024 672 2080 autem
694 2037 754 2102 pro
778 2035 889 2080 eorum
911 2014 1033 2102 placito
1064 2018 1185 2082 rescire
1216 2017 1257 2082 ab
1292 2016 1357 2082 illis

56 2128 238 2208 potuerunt.
283 2121 478 2186 Detinentes
511 2140 588 2205 ergo
610 2117 685 2183 illos
707 2120 743 2182 in
766 2116 954 2185 carceribus
983 2141 1043 2206 per
1064 2119 1197 2208 aliquod
1219 2128 1357 2210 tempus,

57 2224 179 2290 liberos
213 2224 304 2289 abire
321 2225 500 2311 jusserunt
544 2221 676 2288 Exinde
712 2244 789 2310 ergo
828 2217 1101 2289 oblectamentum
1138 2233 1355 2311 sumpserunt,

62 2328 148 2416 quod
167 2338 280 2395 contra
300 2329 418 2409 Deum,
436 2330 492 2416 jus
516 2338 549 2393 et
568 2336 692 2393 rectum
715 2327 864 2394 ordinem
886 2327 1000 2393 iuerat.

142 2433 186 2498 Et
222 2434 303 2498 haec
331 2433 391 2497 fuit
412 2441 479 2498 tota
500 2432 649 2521 probatio
684 2443 715 2496 et
738 2431 897 2497 certitudo
920 2454 940 2497 a
961 2431 1180 2519 Pragensibus
1212 2457 1272 2521 per
1310 2434 1357 2500 di·

57 2541 188 2605 strictus
199 2539 370 2626 descripta,
388 2547 419 2604 11
435 2538 656 2604 communitati
671 2529 844 2624 publicata,
860 2546 990 2625 praeter
1001 2559 1080 2625 quas
1096 2539 1177 2604 elias
1190 2561 1356 2627 nunquam

56 2643 248 2710 habuerunt.
292 2643 358 2708 Hic
378 2645 491 2730 itaque
513 2642 693 2729 reperietur
726 2643 846 2706 veritas
883 2643 1041 2707 sermonis
1077 2643 1214 2710 lanionis
1250 2644 1356 2733 Zyka.

60 2748 145 2814 Cum
167 2771 245 2834 ergo
263 2748 334 2836 jam
356 2749 593 2813 incarcerasset
614 2746 764 2812 consules
787 2746 999 2833 supradictos,
1023 2749 1142 2813 missus
1166 2749 1227 2816 1111
1241 2752 1355 2819 eodem

59 2855 114 2920 die
126 2902 135 2937 ,
173 2862 231 2919 aut
267 2853 381 2918 saltem
417 2854 566 2940 sequenti
589 2850 642 2916 die
665 2850 697 2916 S.
719 2850 888 2916 Laurentii
910 2852 944 2915 in
961 2872 1068 2916 arcem
1090 2853 1291 2940 Pragensem
1316 2857 1358 2922 ad

58 2961 241 3047 principem
265 2957 419 3024 Carolum
442 2959 647 3044 capitaneum
670 2978 744 3020 cum
762 2955 957 3043 quibusdam
981 2957 1182 3043 concivibus,
1200 2970 1235 3025 ut
1250 2960 1356 3027 eidem

58 3066 207 3130 notitiam
230 3063 286 3128 det
307 3064 349 3129 de
371 3064 433 3128 boc
455 3062 574 3127 acerbo
598 3061 754 3145 tumultu3
779 3074 842 3148 quo
881 3060 1082 3146 adveniens,
1113 3085 1262 3129 sermone
1300 3085 1357 3130 suo

58 3168 266 3237 fraudulento
289 3176 321 3234 et
342 3169 463 3254 injusto
485 3169 629 3252 animum
652 3166 801 3253 ejusdem
824 3164 968 3231 emollire
992 3167 1162 3254 quaesivit,
1195 3171 1356 3257 inquiens,

60 3296 101 3339 ne
124 3275 269 3360 graviter
280 3273 363 3338 ferat
385 3273 470 3338 hanc
491 3273 691 3354 relationem,
715 3270 802 3359 quod
824 3270 873 3335 illi
896 3270 1018 3358 captivi
1042 3293 1116 3337 cum
1150 3274 1217 3337 suis
1240 3273 1357 3339 adhae-

58 3377 205 3444 rentibus
228 3377 377 3444 occidere
399 3377 541 3465 reliquos
564 3398 677 3442 omnes
699 3375 861 3442 voluerint
882 3376 918 3438 in
935 3376 1066 3441 civitate
1089 3376 1354 3467 incolas,parati

60 3480 102 3547 ad
124 3481 188 3547 hoc
209 3481 345 3567 facinus,
369 3483 527 3549 habentes
549 3482 706 3571 populum
728 3489 886 3546 armatum
908 3481 943 3545 in
963 3481 1063 3565 ouria,
1100 3492 1132 3547 et
1153 3483 1229 3549 aliis
1252 3482 1352 3550 domi-

60 3587 121 3652 bus
145 3588 180 3651 in
208 3610 343 3653 numero
376 3610 441 3653 non
478 3610 596 3676 parvo,
631 3588 673 3652 ad
696 3587 820 3674 aliquot
848 3594 1021 3668 centenos3
1058 3596 1091 3652 et
1125 3590 1173 3653 sic
1208 3588 1356 3655 ulterius.

59 3692 152 3757 Haec
173 3692 309 3758 audiens
331 3695 495 3782 princeps,
517 3695 652 3759 miratus
676 3701 725 3758 est
746 3691 852 3769 valde,
877 3691 902 3755 si
927 3689 1007 3755 haec
1040 3692 1086 3756 ita
1108 3693 1189 3777 sint3
1230 3696 1357 3781 quaesi·

61 3799 175 3886 vitque
198 3821 240 3863 ex
261 3800 327 3883 illo,
363 3822 446 3864 anne
469 3800 550 3866 baec
572 3799 711 3886 probare
732 3795 873 3885 poterit?
906 3795 1086 3882 Respondit
1122 3797 1235 3884 Zyka:
1274 3819 1357 3886 quae

62 3925 117 3968 ore
143 3925 216 3968 meo
241 3904 396 3970 audacter
432 3905 570 3991 profero,
605 3905 758 3992 princeps
789 3899 1041 3988 gratiosissime,
1083 3901 1165 3968 illud
1194 3925 1260 3969 non
1281 3927 1356 3988 uno,

59 4007 197 4090 duobus,
221 4016 276 4074 aut
297 4009 420 4092 decem,
456 4009 515 4075 sed
537 4011 773 4098 quinquaginta
795 4011 893 4075 etiam
908 4009 1046 4074 testibus
1061 4009 1200 4096 probare
1210 4032 1357 4097 possum.

60 4114 224 4202 Princeps
247 4114 386 4179 audiens
410 4116 481 4201 ejus
509 4127 576 4180 tam
605 4115 748 4203 amplum
772 4136 962 4197 sermonem,
985 4136 1050 4178 non
1075 4116 1271 4182 acceleravit
1294 4126 1357 4182 sta·

58 4219 118 4284 tim
145 4221 215 4306 ejus
238 4230 305 4285 tam
327 4219 467 4308 amplum
492 4242 683 4304 sermonem,
707 4229 740 4287 et
762 4242 831 4285 rem
853 4219 938 4284 banc
974 4219 1016 4284 ad
1051 4222 1287 4287 correctionem
1323 4231 1354 4287 et

58 4322 321 4389 emendationem
357 4325 547 4412 perducere,
587 4335 620 4392 ct
655 4326 697 4392 de
730 4347 766 4390 re
803 4324 944 4413 amplius
955 4327 1165 4412 interrogare.
1211 4326 1355 4415 Ideoque

57 4428 113 4493 bic
136 4427 366 4494 discesserunt.

146 4531 262 4621 Itaque
284 4534 392 4619 crede,
427 4535 514 4622 quod
536 4536 577 4601 de
602 4534 651 4601 his
685 4538 920 4628 quinquaginta
941 4537 1078 4610 testibus
1091 4564 1153 4611 neo
1175 4566 1352 4614 11111111-

57 4637 208 4716 civeriut,
231 4640 380 4724 quamvis
404 4641 481 4705 satis
495 4642 630 4728 turpiter
650 4665 710 4729 per
732 4644 924 4713 afflictiones
937 4654 970 4712 et
989 4655 1128 4714 torturas
1151 4673 1207 4716 eos
1230 4654 1355 4736 quaesi·

55 4744 180 4828 verint,
202 4741 352 4832 adeoque
374 4766 540 4834 nunquam
562 4754 687 4816 1111111
719 4759 777 4820 aut
796 4751 974 4843 probabile
1004 4752 1149 4840 aliquod
1158 4754 1392 4833 1111111111·Ὶ
