2948 5040
667 354 814 421 CAPUT
834 355 887 422 21.

130 463 166 519 In
192 481 250 537 quo
272 461 407 537 refertur,
431 464 510 538 quod
531 464 700 541 Progenses
723 484 780 524 non
803 466 946 523 habentes
969 483 1089 525 cansam
1112 469 1237 544 justam,
1268 465 1426 524 occidendi

128 548 344 626 incarceratos,
367 569 421 607 nec
452 551 667 626 probationem,
705 553 785 627 quod
808 551 985 609 incarcerati
1007 553 1139 614 occidere
1169 552 1338 631 quempiam
1371 572 1425 611 vo·

127 635 247 710 luerint,
265 635 413 711 jusserint
434 637 508 696 duos
530 639 609 698 cives
632 655 702 696 snos
724 639 867 715 torqueri.
899 640 991 711 Item3
1013 642 1229 716 quodPassek,
1262 647 1426 715 antequam

128 720 199 782 torti
220 722 357 793 fuissent,
379 743 435 801 pro
457 744 517 784 uno
533 746 571 784 ex
583 725 644 783 illis
661 724 783 798 miserit,
795 724 922 784 offerens
936 726 982 783 illi
994 736 1111 788 centum
1123 745 1287 805 sexagenas
1300 745 1424 803 grosso·

127 829 204 885 rum,
226 818 258 869 ut
281 829 370 887 super
401 811 571 871 innocentes
609 812 725 888 aliquid¹
745 812 856 886 edicat,
870 820 898 870 et
920 813 1056 876 fateatur.
1102 817 1195 890 Item;
1232 814 1312 891 quod
1334 809 1425 890 Zy'ka

495 918 594 959 coram
615 897 758 974 Principe
789 898 930 957 mentitus
952 899 1050 962 fuerit.

211 1082 299 1148 Dum
321 1084 402 1149 haee
424 1086 470 1148 ita
492 1091 674 1169 agerentur,
698 1084 902 1151 advertentes
924 1086 1115 1170 Pragenses,
1150 1082 1236 1170 quod
1252 1105 1318 1149 nen
1341 1084 1426 1151 adeo

127 1187 232 1252 securi
256 1190 336 1271 sint,
359 1196 395 1252 ut
411 1188 536 1276 justum
567 1188 629 1254 hoc
653 1198 684 1254 et
705 1211 819 1255 verum
843 1197 937 1272 esset,
961 1189 1047 1277 quod
1070 1188 1111 1253 de
1134 1187 1184 1251 his
1216 1189 1357 1275 captivis
1394 1199 1427 1255 et

125 1290 199 1356 aliis
238 1294 438 1380 scripserunt
468 1301 501 1357 et
521 1291 716 1371 detulerunt,
742 1303 772 1358 et
795 1293 881 1381 quod
904 1317 923 1357 a
945 1295 999 1359 via
1036 1291 1158 1357 ordinis
1193 1300 1225 1355 et
1250 1291 1336 1378 juris
1370 1293 1426 1359 de-

124 1394 293 1479 viaverint,
317 1398 507 1482 praesertim
530 1419 604 1461 cum
626 1398 729 1484 primo
746 1399 948 1482 agnoverint,
973 1397 1059 1484 qued
1072 1395 1151 1461 ordo
1176 1405 1207 1458 et
1220 1397 1422 1475 consuetudo

120 1501 204 1588 juris
241 1501 303 1583 sit,
327 1509 363 1564 ut
385 1499 542 1565 certitudo
571 1509 603 1564 et
636 1502 784 1588 probatio
808 1501 981 1589 cujuslibet
1014 1501 1091 1565 mali
1115 1504 1223 1589 operis
1246 1503 1287 1567 ab
1311 1502 1423 1590 aliquo

123 1604 302 1690 perpetrati
343 1604 396 1669 vel
428 1626 470 1668 ex
511 1602 597 1668 mala
630 1605 810 1678 intentione
847 1604 946 1669 alicui
968 1607 1125 1691 imputati,
1145 1608 1234 1692 juste
1258 1627 1422 1693 poenam,

124 1706 300 1772 vindictam
341 1716 373 1771 et
404 1707 659 1799 publicationem
693 1707 789 1793 hujus
813 1707 890 1772 mali
913 1710 1021 1795 operis
1044 1709 1234 1794 praecedat,
1259 1710 1306 1775 illi
1341 1734 1422 1777 vero

125 1836 144 1878 a
166 1813 327 1878 contrario
350 1811 472 1877 nullam
496 1811 652 1877 habentes
676 1812 750 1876 talis
776 1815 883 1900 operis
906 1813 1103 1878 evidentiam
1139 1824 1170 1878 et
1203 1814 1422 1880 sufficientem

122 1917 356 2007 probationem,
388 1917 473 2005 quod
507 1916 555 1980 illi
578 1915 727 1981 occidere
750 1918 875 2006 aliquos
899 1917 1071 2000 voluerint,
1108 1926 1205 2005 atque
1241 1921 1286 1981 ita
1321 1921 1422 1984 etiam

123 2045 183 2111 pro
202 2022 267 2088 illis
291 2021 448 2110 supplicio
470 2019 623 2086 tollendis
647 2044 787 2105 causam,
812 2020 1010 2108 divulgarint
1039 2031 1147 2086 tamen
1182 2022 1264 2087 haec
1286 2045 1348 2111 per
1370 2033 1418 2090 to·

123 2137 192 2193 tum
214 2149 360 2215 regnum,
384 2137 417 2192 et
437 2128 522 2191 inter
543 2125 692 2190 nationes
713 2127 914 2214 peregrinas,
938 2134 970 2190 et
1003 2125 1098 2212 hujus
1138 2127 1315 2193 vindictam
1336 2130 1420 2214 peti-

123 2233 239 2316 verint,
284 2233 377 2321 qnasi
417 2233 452 2297 in
491 2232 553 2298 hoc
586 2235 665 2297 certi
703 2240 831 2314 essent,
880 2231 967 2317 quod
1005 2231 1214 2317 scripserunt.
1274 2229 1421 2318 Ideoque

124 2359 262 2424 aequum
274 2359 347 2403 esse
354 2336 556 2424 judicabant,
570 2346 605 2402 ut
627 2347 694 2403 turn
706 2337 809 2424 primo
823 2337 993 2401 veritatem
1016 2343 1050 2399 et
1061 2333 1287 2399 certitudinem
1310 2336 1420 2423 inqui·

123 2452 212 2528 rant3
231 2445 401 2530 jusserunt
422 2464 500 2529 ergo
523 2444 666 2530 torqueri
689 2442 770 2508 duos
794 2439 945 2506 concives
969 2462 1053 2522 suos,
1076 2439 1237 2504 Joannem
1263 2439 1422 2507 Bonusch

123 2560 155 2611 et
175 2546 333 2611 Mathiam
366 2544 586 2629 Hrtebenarb,
609 2546 757 2612 volentes
791 2568 850 2633 per
873 2544 935 2608 hoc
958 2544 1032 2610 illos
1056 2564 1173 2628 cogere
1196 2564 1255 2628 per
1276 2544 1336 2608 hos
1361 2546 1421 2609 im·

123 2674 234 2716 manes
263 2651 441 2734 cruciatus,
465 2662 500 2715 ut
536 2650 666 2716 edicant
688 2649 729 2714 de
751 2650 960 2715 incarceratis
985 2656 1016 2712 et
1040 2648 1122 2731 aliis,
1146 2648 1233 2732 quod
1256 2648 1424 2714 voluerint

123 2778 234 2822 omnes
268 2754 349 2820 alios
371 2753 539 2838 occidere;
583 2754 644 2818 hac
678 2753 777 2818 dere
811 2754 958 2817 notitiam
992 2751 1083 2816 dedit
1103 2752 1246 2818 Mathias
1268 2753 1419 2820 Hrbebe·

122 2867 200 2926 nari
232 2882 290 2949 pro
325 2869 413 2925 certa
441 2861 578 2926 veritate
612 2860 700 2923 omni
730 2866 876 2945 tempore
910 2856 1090 2941 credenda,
1119 2857 1206 2945 quod
1240 2866 1420 2944 antequam

122 2965 265 3031 carnifici
287 2966 330 3031 ad
351 2988 465 3031 manus
488 2964 625 3048 traditus
648 2963 771 3046 fuisset,
795 2963 919 3028 Passek
934 2963 1025 3028 illum
1038 2963 1080 3027 ad
1093 2984 1183 3027 suam
1195 2961 1325 3027 domum
1343 2962 1420 3028 duci

116 3072 273 3158 jusserit,
299 3092 372 3135 eum
395 3070 554 3135 allocutus
578 3070 629 3147 sit,
649 3069 841 3154 promittens
865 3067 913 3132 illi
936 3077 1066 3134 centum
1084 3088 1265 3154 sexagenas
1289 3089 1419 3153 grosso·

120 3197 192 3240 rum
214 3174 461 3240 Bebemicorum
484 3172 572 3255 dare,
596 3174 700 3239 solum
716 3171 800 3255 iden,
834 3181 870 3238 ut
891 3171 1030 3238 fateatur
1052 3181 1084 3237 et
1107 3171 1213 3238 edicat
1236 3170 1420 3238 deJoanne

120 3278 262 3363 Hlawsa,
286 3287 318 3345 et
340 3277 535 3367 quibusdam
557 3277 639 3360 aliis,
663 3276 750 3365 quod
765 3276 901 3343 insidias
925 3279 1111 3361 struxerint,
1136 3276 1177 3344 ad
1191 3297 1305 3343 omnes
1317 3279 1420 3344 inter·

58 3414 63 3423 ·
119 3383 285 3450 ficiendos.
332 3384 415 3450 Cum
450 3393 557 3449 autem
594 3382 651 3448 ille
672 3386 835 3468 renuerit,
873 3393 906 3451 et
926 3386 961 3450 in
982 3385 1166 3472 praesentia
1188 3385 1253 3450 Dei
1282 3386 1414 3451 mentiri

120 3489 269 3568 noluerit,
305 3489 388 3555 dixit
422 3490 453 3554 ei
475 3487 622 3553 Passek:
646 3489 835 3578 experieris,
859 3488 991 3577 quando
1015 3489 1073 3554 tibi
1096 3489 1217 3554 malum
1240 3488 1417 3576 infligetur.

118 3596 181 3660 His
204 3595 309 3680 dictis,
334 3593 467 3659 tradidit
490 3615 564 3659 eum
586 3616 660 3659 cum
674 3595 828 3659 Bonusch
852 3595 1005 3678 carnifici,
1030 3616 1165 3681 sperans
1188 3593 1271 3688 illud
1296 3596 1419 3659 crucia·

118 3701 205 3767 tibus
227 3702 268 3768 ab
292 3703 339 3766 eis
363 3707 564 3789 extorquere,
582 3709 618 3765 ut
631 3700 803 3782 fateantur,
827 3700 912 3787 qued
935 3699 1076 3782 Hlawsa,
1100 3708 1133 3764 at
1155 3699 1286 3765 Sohorfi
1297 3698 1419 3785 aliique

121 3806 242 3893 captivi
265 3807 334 3870 sine
357 3807 551 3892 exceptione
572 3806 755 3893 proditores
779 3807 853 3887 sint,
877 3804 926 3869 illi
948 3816 1056 3870 autem
1079 3806 1112 3868 in
1143 3805 1208 3869 Dei
1230 3805 1419 3891 praesentia

119 3911 249 3975 mentiri
272 3910 454 3978 noluerunt.
500 3911 607 3999 Hujus
630 3920 738 3977 autem
762 3911 939 3977 coactionis
968 3930 1136 3996 supremus
1160 3910 1335 3996 inquisitor
1359 3908 1421 3974 fuit

116 4015 260 4081 Joannes
293 4014 428 4081 Karban
461 4024 597 4081 senator.
642 4015 695 4080 Ab
727 4014 910 4080 bisantem
943 4014 1031 4079 aliud
1055 4015 1177 4078 rescire
1202 4036 1269 4079 non
1305 4023 1418 4101 potue·

117 4129 204 4204 runt,
238 4122 320 4204 nisi,
355 4120 441 4209 quod
464 4121 528 4186 sibi
551 4143 624 4186 cum
647 4120 722 4186 Vite
755 4120 943 4208 Schipecky'
964 4130 1042 4184 tnnc
1071 4121 1226 4208 temporis
1257 4140 1418 4188 consena-

117 4234 186 4289 tere
221 4223 351 4312 aliquod
375 4224 557 4312 symbolum
581 4226 857 4310 excogitaverint,
880 4224 1049 4289 audientes
1074 4223 1114 4288 de
1142 4223 1243 4289 feroci
1276 4227 1420 4292 tumultu

116 4327 445 4416 Micro·Pragensium
471 4329 541 4417 (qui
564 4350 695 4394 causam
707 4327 928 4415 Pragensibus
944 4327 1057 4391 harum
1073 4327 1309 4395 discordiarum
1322 4353 1419 4419 prae·

115 4435 214 4516 buit),
236 4445 271 4501 ut
294 4458 328 4502 se
350 4457 409 4523 pro
432 4433 580 4522 possibili
602 4434 805 4524 prevideant,
830 4441 862 4496 et
885 4433 913 4497 si
935 4433 990 4518 qui
1021 4433 1140 4520 injuste
1176 4441 1207 4497 et
1238 4433 1422 4522 petulanter

116 4542 189 4609 illos
212 4541 359 4628 aggressi
381 4539 517 4621 fuerint,
549 4559 583 4601 se
607 4537 783 4603 defendere
805 4536 940 4623 possint.
987 4535 1082 4617 Quod
1106 4538 1203 4606 etiam
1226 4548 1340 4605 contra
1372 4541 1422 4604 in·

117 4651 223 4716 vicem
246 4645 517 4725 consurrexerint,
540 4644 732 4726 nescientes,
750 4644 822 4730 quis
846 4641 940 4706 alteri
955 4641 1139 4725 adhaereat,
1155 4654 1185 4708 et
1209 4661 1421 4730 personarum

108 4753 194 4817 ultra
227 4751 419 4838 quindecim
453 4770 520 4818 non
544 4748 683 4835 fuerint,
717 4747 871 4816 Bonusch
894 4749 991 4815 edam
1028 4747 1116 4834 quod
1139 4747 1278 4816 adiverit
1310 4770 1420 4817 arcem
