2948 5040
143 127 208 194 288

44 450 46 455 ¹
709 372 817 462 Caput
837 375 869 441 9.
1128 446 1131 451 ,
1382 330 1435 380 με’

143 457 173 513 lu
190 476 242 528 quo
261 463 345 582 agitur
362 459 395 512 de
414 458 560 528 duplicibus
573 459 728 545 christianis,
746 476 841 531 nempe
849 460 950 546 (lbristo
969 463 1179 538 adhaerentibus,
1197 473 1224 519 et
1234 465 1372 541 Romanis,

177 528 255 582 etde
291 544 376 582 nvem
394 529 446 583 lltlc
464 537 554 583 eontra
571 544 683 586 rnvtcem
703 538 915 600 consurgentium
969 569 1370 594 ..........
1403 536 1435 592 33

700 622 808 712 Oaput
831 624 881 689 10.

142 708 172 762 ln
189 725 241 777 quo
258 711 380 780 retertur,
403 711 466 780 quid
483 709 594 764 llatltiae
612 710 748 765 lisliuensi
770 711 905 776 acciderit,
930 711 992 765 duur
1014 714 1131 769 instituta
1154 715 1202 768 luit
1218 718 1369 785 processio,

176 787 204 832 ot
220 779 265 832 illo
282 778 390 835 demere
406 779 497 844 noluit,
516 787 544 835 ct
561 779 693 849 quomodo
711 779 822 834 sillictus
841 781 920 834 luerit
972 819 1369 842 ..........
1401 782 1433 838 36

701 873 809 1014 Caput
832 873 883 940 11.

141 963 170 1016 ln
189 954 241 1029 quo
259 946 362 1016 notatur
379 963 507 1031 professio
525 963 587 1016 lidei
604 961 680 1028 bujus
705 961 756 1014 blot
775 964 816 1016 iae
827 963 970 1031 llalinskp3
989 971 1016 1016 ot
1033 965 1093 1018 dnm
1111 967 1200 1021 inille
1217 965 1368 1019 nibilcor-

176 1039 214 1084 tra
232 1032 318 1102 legem
337 1031 384 1084 Dei
402 1028 520 1087 invenire
537 1039 687 1102 potuerunt,
705 1045 766 1085 oum
783 1032 894 1085 liberum
913 1032 1064 1088 dimiserunt
1098 1073 1365 1094 .......
1398 1035 1430 1089 38

702 1125 809 1215 Caput
832 1128 881 1195 12.

142 1213 375 1338 Ubbittwitinemr
392 1215 493 1272 articuli
511 1223 602 1267 contra
627 1215 730 1266 comitia
755 1215 944 1268 universalius
962 1190 1136 1287 Propioribus
1159 1222 1251 1276 selecti
1270 1228 1298 1273 et
1315 1233 1367 1288 pu·
1399 1284 1430 1340 42

213 1300 264 1338 cst
291 1320 638 1340 .........
671 1308 680 1339 ·.
715 1321 1367 1349 ................

699 1376 808 1466 Caput
830 1379 881 1447 13.
916 1442 920 1449 .

139 1464 179 1518 llo
197 1467 352 1535 quibusdam
370 1467 473 1520 clericis
491 1465 647 1536 cbristiam’s,
664 1464 741 1533 qualo
753 1467 878 1534 scriptum
895 1466 1005 1533 censali,
1023 1472 1125 1523 sonami
1137 1477 1163 1521 ct
1182 1470 1228 1522 toti
1241 1465 1358 1520 commu·

173 1537 245 1588 nitati
262 1538 432 1604 corroserint,
451 1544 477 1591 ot
495 1536 529 1588 de
547 1549 637 1587 eorum
654 1536 830 1603 negotiatione
875 1571 1357 1595 ............
1391 1536 1423 1591 45

692 1625 798 1716 Caput
822 1630 871 1696 14.

139 1713 189 1768 Ubi
206 1697 312 1769 notatur
327 1717 394 1770 mala
413 1726 439 1770 et
456 1716 570 1770 infidelis
593 1717 709 1784 suspicio
734 1719 814 1783 partis
833 1720 908 1770 unius
927 1727 1016 1771 contra
1034 1719 1139 1772 alteram
1158 1729 1184 1774 et
1203 1718 1274 1787 quod
1303 1721 1363 1786 qui-

173 1786 231 1838 dam
251 1785 284 1838 do
303 1787 373 1839 clero
392 1796 418 1839 et
445 1787 638 1839 communitatis
664 1785 763 1854 popolo
789 1789 922 1856 sanguinis
950 1789 1038 1856 cupidi
1063 1790 1189 1842 exiverint
1216 1789 1249 1840 ad
1279 1787 1366 1840 lorum

172 1855 310 1923 spectandi
327 1856 386 1909 mali
405 1872 507 1910 causa.
543 1890 552 1909 .
577 1868 581 1875 ·
586 1889 1366 1914 ...................
1397 1855 1427 1910 48

668 2019 672 2025 ,
698 1946 805 2038 Caput
825 1950 876 2017 15.

137 2038 167 2091 lu
185 2025 237 2105 quo
255 2045 380 2102 canatur,
399 2037 470 2106 quod
487 2038 565 2090 homo
585 2037 690 2104 qnidam
718 2038 852 2090 consulem
880 2041 1031 2100 accesserit,
1058 2040 1208 2109 significans
1227 2041 1262 2109 ei,
1292 2039 1362 2105 quod

173 2108 305 2229 &elffii
316 2106 392 2160 Parte
409 2108 593 2233 cort-quitantur
611 2106 717 2230 armati,
729 2114 760 2228 et.
773 2107 849 2228 simul
866 2106 1104 2234 {lassekctby'ka-
1118 2109 1189 2232 citati
1207 2123 1368 2233 comparere
1392 2175 1420 2230 49

696 2252 803 2357 Caput
827 2270 878 2338 16.

137 2354 186 2410 Ubi
202 2365 328 2422 narratur,
357 2358 427 2424 quod
445 2356 560 2409 loannes
578 2354 653 2424 Opitz
672 2373 730 2408 cum
749 2357 903 2425 quibusdam
923 2357 1113 2425 parochialibus
1131 2356 1311 2424 'l'evnensibns
1330 2361 1363 2412 ad

171 2436 288 2479 senatum
306 2429 418 2491 ingressi
436 2426 540 2496 fuerint,
567 2435 593 2478 et
612 2426 738 2495 quosdam
756 2425 838 2479 laicos
857 2435 883 2479 et
901 2428 1010 2480 clericos
1036 2428 1224 2488 accusaverint,
1244 2436 1270 2479 et
1289 2427 1365 2494 Zp'ka

171 2494 239 2547 lanio
257 2495 429 2562 proditionem
447 2512 519 2548 suam
538 2496 665 2562 inceperit
711 2531 1356 2552 ................
1392 2497 1424 2552 50

691 2586 798 2676 Caput
821 2589 871 2655 17.

137 2672 186 2728 Ubi
203 2677 311 2729 refertur
334 2678 436 2730 occulta
454 2677 524 2730 fraus
542 2677 653 2729 lanionis
670 2675 770 2741 Zpkoe
801 2685 891 2729 contra
908 2676 991 2729 bonos
1010 2686 1036 2729 et
1056 2668 1156 2748 justos,
1177 2679 1221 2745 qui
1239 2679 1361 2731 dominos

169 2754 302 2798 senatores
333 2746 357 2800 in
376 2748 434 2798 loco
464 2754 567 2799 senatus
586 2749 659 2812 cepit
675 2753 701 2796 et
730 2747 879 2811 captivavit,
898 2746 968 2814 quod
986 2753 1067 2797 totum
1087 2763 1145 2797 cunt
1164 2749 1220 2814 ipso
1240 2749 1360 2800 intranti·

168 2815 218 2866 bus
235 2816 320 2884 (quod
336 2830 431 2882 nempe
448 2815 526 2868 talem
544 2817 714 2868 intentionem
732 2813 852 2878 heberet)
870 2816 984 2883 ignotum
1003 2815 1051 2866 fuit
1085 2853 1353 2871 .......
1390 2815 1422 2870 52

687 2907 794 2994 Caput
824 2908 874 2971 18.

133 2993 164 3047 ln
182 3012 233 3064 quo
262 3005 374 3064 notatur,
393 2998 463 3062 quod
493 3008 552 3064 post
569 2997 744 3066 supradictam
766 2997 999 3048 incarcerationem
1019 2999 1086 3048 circa
1103 3004 1207 3063 tempus
1225 2998 1356 3061 meridiei,

169 3067 280 3134 populus
307 3075 419 3118 armatus
445 3069 470 3117 in
499 3069 595 3118 curiam
622 3066 772 3123 accurrerit,
801 3066 827 3114 in
855 3081 906 3133 qua
923 3073 1008 3116 tamen
1038 3064 1190 3117 confusione
1209 3074 1236 3116 et
1254 3065 1360 3118 fervore
1396 3097 1398 3104 ·

167 3135 228 3186 mali
246 3133 312 3186 nibil
327 3143 412 3187 actum
431 3135 494 3198 fuit;
512 3136 596 3188 nullus
615 3138 682 3187 enim
701 3135 785 3199 scivit,
803 3136 861 3201 quis
880 3137 924 3186 uni
941 3142 985 3185 aut
1002 3135 1077 3187 alteri
1095 3133 1244 3198 adhaereat,
1275 3135 1361 3188 solum

170 3205 283 3256 invicem
301 3203 438 3271 capiebant
456 3212 482 3256 et
501 3203 697 3257 incarcerabant
743 3240 1224 3258 ............
1226 3230 1231 3239 ·
1262 3243 1267 3255 .
1309 3244 1315 3258 .
1352 3239 1359 3254 .
1394 3201 1426 3256 55

683 3269 790 3356 Caput
827 3271 877 3336 19.

134 3355 184 3410 Ubi
199 3360 345 3411 reseruntur
363 3359 462 3429 literae,
481 3374 545 3426 quas
563 3360 619 3411 sine
636 3372 708 3410 more
727 3358 832 3408 domino
850 3373 897 3410 suo
916 3360 983 3427 regi,
1001 3366 1027 3408 et
1054 3359 1087 3410 ad
1104 3360 1166 3411 alias
1184 3361 1284 3412 vicinas
1309 3375 1359 3413 rc-

169 3429 260 3497 giones
289 3438 315 3480 et
339 3429 469 3481 districtus
499 3429 666 3494 scripserunt,
685 3436 712 3478 ot
730 3427 862 3491 quomodo
880 3419 987 3479 vulncr'c
1018 3432 1101 3494 primo
1118 3427 1217 3480 inflicto
1235 3444 1360 3482 recurre-

167 3499 226 3566 rint,
244 3499 374 3561 timoratos,
404 3497 475 3564 quod
504 3497 670 3548 fundamenta
700 3495 766 3551 mala
796 3511 844 3560 pro
862 3496 1014 3562 probatione
1043 3497 1158 3549 veritatis
1185 3497 1360 3551 haberentet

168 3567 245 3617 etiarn
264 3569 424 3618 conscientia
444 3581 490 3618 eos
509 3574 629 3633 argueret
658 3602 1357 3622 .................
1393 3566 1425 3621 56

685 3629 793 3718 Caput
825 3635 877 3699 20.

132 3719 161 3773 In
180 3737 232 3790 quo
249 3731 362 3788 notatur,
381 3719 442 3785 quid
460 3735 550 3771 secum
569 3721 635 3772 ierat
662 3730 688 3771 et
706 3721 732 3772 in
750 3735 779 3770 se
808 3722 937 3772 contineat
960 3720 1134 3785 juramentum
1152 3729 1311 3785 senatorum,
1330 3732 1358 3776 ct

167 3790 279 3859 sigillum
298 3791 417 3840 civitatis.
459 3788 572 3840 Tandem
591 3789 662 3855 quod
680 3788 823 3856 Progcnses
852 3789 979 3855 quosdam
998 3789 1107 3842 clericos
1135 3799 1161 3842 et
1179 3806 1257 3843 veros
1287 3793 1358 3861 legis

169 3859 272 3911 divinae
301 3859 422 3910 doctores
452 3859 479 3908 in
509 3859 605 3909 curiam
625 3858 761 3909 citaverint
787 3864 814 3908 et
831 3858 914 3926 Praga
932 3857 1060 3909 edixerint
1086 3866 1110 3910 et
1128 3862 1200 3912 exire
1225 3861 1359 3925 jusserint.

169 3926 235 3979 Item
255 3928 288 3978 de
311 3926 424 3993 quodam
443 3926 581 3996 monacho,
601 3928 645 3993 qui
663 3927 696 3978 do
714 3928 870 3978 monasterio
888 3927 913 3978 S.
932 3925 1043 3978 Thomae
1062 3927 1193 3994 expulsus,
1212 3933 1358 3982 conciona-

165 4003 206 4047 tus
224 3995 272 4048 luit
294 3996 364 4064 apud
381 3995 407 4048 S.
433 3992 552 4060 Crucem,
571 3997 658 4063 etqui
677 3997 754 4048 etiam
773 3995 944 4064 Ptagaabire
959 3995 1048 4061 jussus
1065 3996 1114 4047 fuit
1130 4034 1358 4061 ......
1391 3998 1424 4054 59

683 4061 791 4149 Caput
824 4065 872 4129 21.

130 4148 159 4202 Iu
178 4166 230 4218 quo
247 4154 366 4213 refertur,
386 4152 456 4217 quod
476 4152 622 4221 Progenses
640 4167 692 4203 uon
710 4150 838 4203 habentes
869 4167 975 4203 causam
994 4153 1096 4218 justam,
1115 4153 1253 4205 occidendi
1271 4157 1357 4208 incar·

165 4230 277 4281 ceratos,
296 4235 346 4272 nec
364 4220 556 4288 probationem,
576 4221 647 4288 quod
666 4222 820 4272 incarcerati
839 4222 963 4272 occidere
977 4223 1124 4288 quempiam
1137 4222 1278 4290 voluerint,
1293 4223 1356 4289 jus·

165 4291 246 4342 serint
264 4289 330 4340 duos
348 4291 420 4341 cives
439 4306 501 4342 suos
519 4291 645 4356 torqueri.
679 4287 762 4351 Item;
782 4289 853 4356 quod
871 4288 979 4353 Passek,
998 4297 1134 4357 antequam
1152 4293 1212 4342 torti
1230 4292 1354 4361 inissent,

164 4374 212 4426 pro
242 4374 294 4409 uno
322 4373 354 4409 ex
379 4359 429 4410 illis
448 4360 554 4418 miserit,
573 4357 686 4408 offerens
704 4355 742 4408 illi
761 4366 864 4409 centum
882 4372 943 4409 sexa
964 4374 1026 4409 enas
1045 4373 1206 4426 grossorum,
1226 4368 1254 4411 ut
1272 4377 1353 4429 super

163 4430 315 4547 ipnocfntes
334 4425 540 4494 aliquidfedicat
563 4434 589 4477 et
605 4425 723 4479 fateatur.
759 4427 838 4487 ltem;
856 4425 926 4492 quod
945 4375 1017 4492 Upim
1037 4442 1123 4478 coram
1136 4426 1258 4494 Principe
1277 4444 1355 4481 merr-
1388 4496 1419 4551 θῇ

161 4504 223 4548 ttus
252 4497 319 4548 uerit
353 4528 1351 4552 ........................

676 4561 783 4650 Caput
803 4563 856 4627 22.

131 4649 181 4702 Ubi
200 4658 317 4705 narratur
343 4650 432 4704 infelix
460 4665 544 4713 casus,
570 4649 629 4702 dum
655 4651 759 4718 quidam
783 4651 869 4720 pictor
886 4657 992 4719 propter
1013 4649 1091 4705 fidem
1118 4652 1308 4716 incarceratus,
1327 4663 1355 4706 et

160 4719 267 4772 tandem
285 4735 344 4790 curn
364 4719 464 4776 loanne
482 4717 610 4772 llalenccz
630 4719 708 4789 virgis
728 4735 820 4772 caesus
841 4736 873 4773 ex
892 4720 955 4774 urbe
975 4721 1084 4775 eductus
1105 4721 1153 4773 luit
1214 4763 1221 4780 ,
1257 4763 1264 4779 .
1301 4764 1306 4776 .
1347 4763 1352 4777 .
1389 4722 1419 4776 65
