2948 5040
82 177 116 255 s

96 370 224 448 dunque
245 360 353 419 tutelo
377 355 411 418 iu
432 350 485 418 tris
507 352 616 416 causis
630 348 739 415 acturh
759 347 832 434 fuit,
852 348 1016 437 potdissct
1036 350 1138 413 torum
1155 347 1256 435 juste,
1279 346 1392 415 debite

96 474 128 530 et
150 460 306 542 ordinate,
330 465 386 522 aut
406 478 467 545 per
488 454 739 521 transactionem
762 451 967 535 amicabilem
990 452 1159 539 componi,
1192 474 1307 519 rerum
1331 474 1389 518 su·

93 566 218 658 perbis,
241 561 367 629 invidie
389 571 421 626 at
443 560 554 626 odium
575 559 718 623 maxime
739 555 945 634 resistebant,
968 578 1010 622 nc
1030 556 1067 621 id
1080 556 1206 642 Pragae
1229 559 1262 621 in
1286 556 1390 622 effec-

93 681 162 738 tum
182 670 303 735 bonum
326 665 515 749 deducatur,
539 672 571 730 et
591 686 658 729 non
680 661 838 728 habentes
850 661 1045 728 adinvicem
1059 683 1228 727 accessum
1240 661 1389 729 debitum

97 772 334 865 perjudicium
356 771 398 836 ad
420 769 617 859 explendam
639 770 725 832 inter
748 790 782 832 sc
804 767 947 832 invicem
969 765 1128 856 occultam
1149 767 1232 831 iram
1259 777 1292 832 et
1313 768 1388 833 vin·

91 878 236 954 dictam,
267 885 402 962 egerunt
422 872 504 939 illud
527 873 587 938 sub
617 880 789 960 praetextu
809 870 886 935 fidei
909 869 1125 952 Christianae,
1149 879 1182 935 et
1202 868 1388 937 obtinentes

93 980 148 1048 -illi
167 982 351 1067 Pragenscs
382 971 555 1045 adomino
587 998 665 1063 rege
698 998 756 1041 suo
789 975 955 1063 quandam
988 973 1153 1040 licentiam
1188 976 1245 1059 (an
1276 984 1387 1041 autem

99 1086 182 1152 haec
204 1085 280 1150 data
301 1082 399 1148 fuerit
420 1101 494 1147 oum
517 1079 627 1146 debito
651 1081 733 1146 scitu
754 1080 856 1165 regio,
886 1100 952 1144 non
975 1076 1114 1165 constat)
1137 1076 1179 1142 ad
1200 1077 1332 1162 malum,
1357 1087 1390 1145 et

91 1188 245 1278 petulans
267 1186 403 1274 petitum
426 1204 530 1268 suum,
564 1182 625 1249 sub
647 1183 705 1249 illo
733 1182 811 1249 fidei
832 1190 1004 1271 praetextu
1025 1181 1107 1247 falso
1130 1183 1166 1248 vi
1188 1182 1388 1250 voluntatem

98 1314 189 1359 suam
212 1299 324 1357 contra
346 1289 487 1355 invicem
510 1295 743 1372 exercuerunt,
774 1287 965 1353 violentiam
999 1294 1032 1351 et
1051 1286 1206 1374 injuriam
1228 1287 1387 1374 grandem

98 1404 212 1463 contra
233 1414 328 1460 omne
345 1394 401 1481 jus
425 1401 457 1458 et
479 1392 626 1458 ordinem
647 1400 772 1457 rectum
793 1392 953 1480 proximis
986 1393 1054 1456 suis
1076 1391 1266 1476 intulerunt,
1288 1402 1385 1479 prout

98 1497 233 1588 quilibet
255 1497 369 1583 legens
390 1495 561 1581 intelliget,
584 1517 626 1560 an
647 1494 731 1561 benc
752 1495 806 1561 vel
827 1495 913 1560 male
934 1497 980 1561 ita
1002 1496 1138 1581 egerint.
1182 1494 1221 1561 ln
1243 1495 1386 1563 hisvero

100 1603 250 1670 omnibus
273 1600 421 1666 dicendis
455 1600 662 1686 singulariter
694 1601 799 1665 notari
829 1600 922 1683 volo,
955 1599 1141 1687 ubicunque
1163 1600 1198 1664 in
1220 1600 1271 1666 his
1294 1601 1388 1668 libris

87 1709 256 1796 scripturn
277 1714 367 1772 extat
387 1703 601 1771 vocabulumz
630 1704 825 1790 Pragenses,
857 1713 929 1770 aut:
967 1702 1009 1770 de
1031 1703 1265 1790 Pragensibus,
1299 1706 1386 1794 quod

86 1807 147 1878 s-'lbi
169 1810 331 1898 excipiam
343 1809 505 1894 integram
515 1807 618 1873 ferme
631 1809 893 1873 communitatem
907 1808 1117 1894 Pragensem,
1141 1810 1239 1875 ctiam
1261 1809 1388 1899 aliquos

101 1913 335 2003 gubernatores
356 1913 508 1978 minores.
551 1910 622 1976 Has
644 1920 753 1976 autem
773 1934 943 1999 personas,
966 1934 1040 1977 cum
1061 1911 1166 1978 trihus
1182 1921 1238 1979 aut
1252 1925 1389 2000 quatuor

89 2019 273 2110 ,primariis
306 2018 514 2084 nominatim:
545 2017 737 2102 magistrum
768 2017 791 2082 J
798 2039 977 2083 oannem
1007 2015 1188 2100 Passek,
1222 2019 1385 2085 lanionem

99 2121 230 2211 zyglt,
251 2120 481 2189 Wanicaka
515 2118 717 2203 Thomam,
740 2119 970 2187 Zachlubil
991 2120 1129 2204 fabrum,
1164 2120 1187 2185 J
1198 2144 1383 2189 oannem

90 2214 273 2293 Kassrbon
305 2225 521 2306 stannarium,
558 2224 748 2310 magistrum
772 2224 956 2292 Gallum
987 2226 1280 2294 administratorem
1314 2251 1386 2294 cum

99 2329 294 2420 quibusdam
331 2328 570 2411 sacerdotibus,
604 2351 642 2394 eo
674 2331 818 2395 maxime
840 2336 872 2394 et
893 2332 1069 2418 praecipue
1099 2340 1309 2415 concernunt,
1332 2333 1383 2421 qui

89 2441 259 2512 <cucurum
281 2430 381 2498 duces
402 2440 436 2497 et
456 2432 604 2520 primarii
625 2431 755 2498 fuerunt
777 2434 882 2498 omnis
903 2433 982 2499 mali
1002 2434 1128 2520 Pragae
1150 2435 1238 2517 facti,
1261 2433 1303 2501 de
1324 2456 1384 2525 quo

87 2536 154 2603 sisic
173 2537 344 2614 scribetur,
377 2537 527 2625 quamvis
549 2535 667 2601 deinde
692 2537 758 2602 illis
772 2537 936 2624 primariis
957 2546 988 2603 et
1009 2537 1187 2622 autoribus,
1213 2561 1253 2604 ec
1276 2561 1387 2606 eorum

87 2641 262 2731 ‘preposito
285 2641 383 2706 etiam
405 2648 473 2706 tota
493 2642 706 2706 communitas
728 2640 923 2724 adhaeserit,
946 2640 1118 2728 scdmagis
1141 2650 1274 2730 propter
1294 2643 1387 2710 timo·

95 2764 166 2810 rem
178 2743 345 2830 grandem,
368 2764 464 2832 quam
480 2744 698 2810 exvoluntate
720 2743 833 2810 libera.
876 2745 960 2810 Nam
982 2753 1051 2811 tum
1073 2746 1262 2835 apparebat,
1296 2748 1386 2836 quod

89 2954 132 3019 'in
153 2952 252 3019 corde
274 2974 332 3018 suo
354 2951 510 3036 ferebant,
532 2961 699 3040 portantes
732 2950 864 3039 pallium
900 2952 988 3019 illius
1017 2953 1188 3020 Nicodemi
1208 2955 1288 3021 boni
1308 2957 1382 3039 viri,

99 3059 155 3146 qui
178 3056 319 3123 interdiu
340 3079 406 3122 non
428 3079 526 3122 ausus
547 3058 616 3139 fuit,
641 3078 714 3122 cum
743 3056 884 3122 Domino
907 3081 965 3124 suo
991 3058 1112 3125 Messia
1140 3082 1218 3126 vero
1241 3058 1385 3148 colloqui

95 3169 229 3250 propter
261 3162 407 3227 timorem
439 3161 654 3245 Judaeorum3
697 3160 748 3226 his
783 3170 890 3227 autem
922 3162 1014 3229 Deus
1046 3163 1134 3229 hano
1163 3162 1386 3230 fortitudinem

93 3272 128 3330 ct
150 3264 317 3331 audaciam
353 3288 419 3331 non
449 3267 624 3348 concessit,
656 3274 692 3330 ut
721 3266 860 3354 injuriae
885 3267 961 3333 huic
996 3268 1158 3351 resistant,
1196 3267 1255 3332 sed
1282 3270 1385 3335 variis

88 3369 317 3436 'coactionibus
340 3371 468 3435 attracti
490 3369 620 3434 suntin
642 3369 808 3436 vinculum
824 3379 857 3436 et
866 3370 981 3437 foedus
1004 3373 1220 3459 superiorum3
1243 3371 1377 3458 quidam

86 3475 198 3539 -nimia
218 3475 252 3539 vi
274 3484 307 3538 et
327 3475 554 3560 persecutione
577 3473 682 3538 coacti
704 3473 746 3538 ad
769 3474 847 3558 hoc,
881 3482 917 3540 ut
951 3476 1120 3541 veritatem
1142 3476 1224 3563 legis
1246 3476 1380 3543 divinae

98 3586 131 3642 et
153 3578 332 3665 scripturae
356 3598 479 3660 sacrae,
502 3579 536 3641 in
558 3598 637 3642 vero
660 3575 782 3644 Christi
803 3588 835 3644 et
856 3580 1075 3666 apostolorum
1109 3583 1180 3667 ejus
1203 3603 1301 3646 sensu
1322 3604 1382 3647 ne·

89 3690 179 3766 gent,
202 3680 259 3746 alii
280 3681 375 3746 aliter
396 3680 558 3745 malitiose
580 3684 685 3747 coacti
708 3692 802 3768 sunt3
825 3683 881 3749 alii
904 3683 1213 3770 quibusdamlitcris
1228 3707 1288 3772 per
1309 3706 1385 3751 con-

93 3786 294 3854 vocationem
312 3784 561 3867 oommunitatis,
583 3787 683 3850 variis
706 3788 812 3869 minis,
834 3789 959 3874 poenis,
984 3788 1024 3852 de
1039 3786 1121 3853 urhe
1136 3788 1386 3874 expulsionibus

92 3887 189 3954 fateri
212 3889 317 3953 coacti
340 3896 424 3952 sunt
468 3887 611 3969 Quidam
632 3889 718 3955 inter
738 3891 812 3956 illos
827 3890 1076 3956 inveniebantur
1098 3891 1245 3958 duriores
1268 3903 1382 3959 contra

86 3993 259 4057 veritatem
282 4001 315 4056 et
336 3992 564 4076 innocentiam,
588 3995 731 4082 quinon
753 3994 856 4060 solum
881 4016 915 4060 ss
937 3995 1009 4061 aliis
1032 3995 1283 4080 conformarunt,
1319 3996 1379 4065 sed

87 4093 231 4180 gradum
254 4093 360 4161 adhuc
382 4095 528 4165 altiorem
551 4097 681 4163 duritiei
703 4107 736 4163 et
758 4100 949 4183 severitatis,
980 4123 1077 4188 quam
1099 4111 1241 4168 rectores
1265 4123 1380 4169 eorum

21 4202 24 4208 ’
91 4197 360 4268 conscenderunt.
404 4202 471 4268 Alii
494 4207 594 4271 nimia
616 4205 757 4294 quadam
777 4206 869 4273 rabie
881 4210 1046 4294 exagitati,
1072 4232 1160 4276 more
1172 4232 1239 4276 non
1254 4219 1383 4276 tantum

92 4300 182 4367 stulti
205 4302 330 4367 ratione
352 4304 531 4393 deperdita,
555 4309 612 4374 sed
635 4311 699 4374 imo
723 4309 934 4376 similitudine
955 4312 1063 4378 rabidi
1084 4314 1245 4391 animalis,
1269 4317 1380 4381 omnia

87 4403 249 4471 'radicitus
281 4420 428 4477 evertere
462 4422 493 4476 et
526 4422 680 4479 excutere
712 4412 898 4496 voluerunt,
923 4437 966 4482 ex
997 4420 1085 4483 omni
1118 4427 1211 4506 parte
1245 4418 1375 4484 acribus

92 4510 205 4576 cuneis
228 4511 395 4598 furientes,
430 4538 565 4603 quorum
599 4519 697 4583 etiam
726 4540 791 4584 non
813 4540 932 4606 parvus
957 4530 1025 4588 erat
1046 4544 1210 4588 numerus.
1255 4522 1378 4589 Verum

84 4613 199 4698 crede,
222 4619 309 4706 quod
331 4642 437 4709 neque
459 4621 510 4684 his
530 4621 688 4708 omnibus,
722 4624 867 4710 exceptis
890 4627 1069 4714 capitaneis
1092 4636 1125 4694 et
1145 4627 1376 4694 decurionibus

73 4719 152 4803 jam
172 4724 360 4811 nominatis,
372 4721 454 4791 illud
467 4725 503 4791 in
518 4723 648 4812 malum,
670 4736 727 4796 aut
738 4729 817 4799 vitio
828 4739 957 4800 vertere
978 4754 1044 4801 non
1065 4733 1200 4826 possim,
1223 4755 1266 4802 ex
1281 4752 1381 4801 causa
