2948 5040
1356 137 1376 205 'l

80 319 166 405 tract
200 315 279 406 quis
312 314 397 387 baec
430 320 549 393 natust
582 321 633 391 ost
661 311 829 389 bominum
849 311 1112 401 simplicium-de
1134 309 1377 396 communitate,

80 421 170 513 quod
190 442 227 489 se
247 421 358 499 sinent
376 419 450 506 regi
488 426 524 487 et
542 418 683 493 uertiin¹
709 436 937 504 quamcunque
968 408 1115 505 partem,
1145 417 1234 483 sicut
1264 416 1374 503 inrogo

78 527 168 615 picta
188 525 224 590 in
244 521 368 592 vexillo
390 522 505 593 ventui
532 521 624 589 vario
646 520 806 608 exposita,
839 519 963 608 absque
984 521 1074 587 omni
1089 519 1218 609 judicic
1247 530 1280 589 et
1300 543 1377 609 pru·

77 631 170 709 denti
191 616 419 719 perpensione,
448 626 505 714 qui
527 625 706 693 existentes
727 623 790 692 sub
812 623 993 692 directione
1006 645 1139 703 suorum
1160 620 1376 714 superiorum,

77 735 199 825 partim
231 754 275 799 ex
306 731 527 818 obligatione,
560 731 681 819 partim
713 751 756 795 ex
788 728 910 797 fiducia
943 727 1045 818 (quod
1073 749 1140 807 non
1162 729 1374 811 seducentur)

77 839 208 907 adillos
223 858 260 905 se
280 844 485 920 convertunt,
512 843 610 925 atque
631 834 697 901 illis
719 833 1114 919 adbaerentinomnibns,
1136 835 1287 921 quamvis
1308 836 1375 919 sint

78 943 313 1015 ccumaDeum
333 943 388 1009 sel
407 958 522 1015 sanam
542 938 764 1028 prudentiam.
784 936 893 1026 Atque
914 936 990 1005 ideo
1013 959 1079 1004 non
1101 938 1135 1003 in
1148 936 1373 1006 malumverta

85 1049 191 1137 equis,
213 1045 301 1135 quod
322 1042 409 1111 male
427 1042 658 1132 processerint,
680 1041 738 1108 sed
760 1040 836 1125 illis,
868 1039 924 1129 qui
947 1041 1039 1129 equis
1059 1038 1257 1125 insidebant,
1285 1032 1372 1130 quos·

83 1160 232 1240 tempore
254 1156 288 1217 et
307 1147 379 1215 loco
408 1167 467 1213 suo
497 1143 646 1234 culpabo.
689 1145 811 1234 Sicque
838 1152 991 1233 sequetur
1018 1143 1149 1211 initium
1177 1143 1369 1235 ‹iescriptio··¹

81 1256 147 1323 nia
169 1290 208 1302 -·
233 1253 324 1320 Bene
345 1250 473 1320 valete!
736 1242 739 1247 ’

387 1795 670 1876 PRAEFATIO
697 1798 767 1876 AD
794 1796 1064 1880 LECTORES.

167 2000 241 2067 Non
275 2010 325 2067 cst
359 2000 420 2069 sub
451 2001 520 2069 sole
553 2001 660 2089 homo,
694 2003 752 2090 qui
783 2005 894 2071 omnia
914 2005 950 2069 in
971 2004 1128 2071 memoria
1149 2010 1182 2069 et
1203 2001 1371 2071 intellectu

89 2125 151 2169 suo
171 2105 217 2170 ita
236 2105 363 2190 retinet,
393 2115 429 2173 ut
448 2128 615 2196 nunquam
645 2115 769 2173 enaret
789 2117 822 2175 et
844 2108 909 2175 alio
931 2105 1064 2173 bomine
1085 2128 1146 2194 pro
1169 2106 1370 2173 correctione

86 2227 155 2271 non
176 2217 296 2294 egeret,
326 2218 383 2275 aut
404 2212 460 2298 qui
481 2232 647 2300 nunquam
668 2212 703 2276 in
733 2211 863 2299 culpem
891 2209 1060 2277 incideret
1104 2207 1187 2275 (ium
1210 2229 1288 2297 ergo
1309 2209 1373 2275 aim

78 2311 188 2396 homo,
210 2312 284 2378 aliis
304 2314 340 2378 in
361 2312 537 2400 fragilitate
560 2314 686 2400 similis,
720 2317 793 2404 quis
826 2338 879 2382 me
900 2313 943 2381 de
965 2314 1051 2381 malo
1075 2321 1201 2401 arguet,
1222 2308 1257 2379 et
1276 2310 1374 2381 aliter

82 2437 137 2483 me
160 2415 224 2483 sibi
245 2426 416 2505 proponet,
438 2439 536 2509 quam
557 2421 593 2486 in
613 2421 795 2486 intentione
816 2441 891 2487 mea
911 2420 1026 2504 fuerit,
1054 2439 1131 2485 nam
1153 2424 1254 2485 testor
1273 2417 1372 2483 inter·

81 2543 162 2588 nam
183 2522 416 2588 conscientiam
439 2544 562 2608 meam,
600 2523 687 2612 quod
708 2525 745 2590 in
777 2522 840 2590 hoc
869 2525 993 2613 scripto
1022 2531 1144 2607 vestro,
1177 2519 1319 2590 audaces
1342 2529 1376 2588 et

83 2634 256 2716 protervos
278 2635 409 2693 secutus
441 2650 508 2695 non
540 2628 668 2709 drerim,
705 2638 742 2696 ut
774 2627 930 2695 deberem
966 2629 1067 2696 alicui
1088 2629 1124 2694 in
1146 2624 1378 2709 contumeliam

80 2729 209 2818 aliquid
231 2738 343 2797 eontra
364 2732 545 2816 veritatem,
567 2740 601 2798 et
623 2733 696 2800 aliis
718 2735 753 2800 in
775 2734 905 2801 laudern
927 2732 1097 2822 quidpiam
1118 2731 1307 2800 adscribere
1323 2726 1378 2797 vel

82 2836 277 2901 imminuere
299 2842 412 2902 contra
429 2836 601 2924 justitiam,
623 2837 681 2906 ubi
703 2861 804 2904 seres
826 2840 874 2904 ita
894 2860 960 2903 non
982 2836 1128 2920 heberet,
1152 2836 1274 2925 etquis
1284 2843 1373 2919 tunc,

83 2948 121 3006 ut
141 2940 225 3006 civis
246 2939 431 3026 Pragensis,
466 2940 575 3007 multis
598 2942 695 3009 rebus
717 2944 799 3008 actis
833 2942 979 3025 interfui,
1015 2949 1048 3007 et
1068 2942 1104 3006 in
1125 2940 1177 3007 his
1199 2961 1274 3007 cum
1296 2938 1370 3004 aliis

83 3065 184 3130 agere
205 3042 316 3127 debui,
338 3066 470 3132 possum
495 3047 592 3112 etiam
614 3048 784 3131 veraciter,
807 3047 887 3136 quid
907 3046 1028 3112 factum
1049 3045 1156 3123 firerit,
1179 3044 1234 3111 hic
1255 3043 1375 3110 descri-

83 3147 174 3215 bere.
218 3146 286 3214 Sed
307 3147 370 3214 boc
390 3149 505 3232 fateor,
527 3172 601 3216 cum
622 3153 762 3240 ipsemet
783 3153 894 3218 omnia
915 3151 1071 3237 experiri,
1094 3158 1127 3215 et
1137 3149 1258 3237 ubique
1280 3168 1373 3236 prae-

86 3274 164 3319 sens
185 3273 258 3318 csse
280 3273 345 3318 non
366 3255 537 3340 potuerim,
555 3254 642 3342 quod
671 3255 752 3322 illud
772 3279 833 3344 per
843 3254 1104 3321 informationem
1115 3253 1283 3320 hominum
1304 3250 1370 3317 fide

83 3356 261 3443 dignorum
282 3359 572 3444 compensaverim,
594 3360 637 3425 ad
660 3360 747 3448 quod
768 3368 911 3425 mentem
922 3381 1028 3424 meam
1052 3358 1208 3424 converti.
1243 3356 1287 3421 Et
1300 3354 1375 3422 ideo

83 3461 270 3550 quicunqne
292 3459 394 3527 libros
416 3462 476 3526 hos
498 3461 630 3550 legeris,
661 3464 745 3530 siin
767 3464 833 3530 illis
855 3462 979 3552 aliquid
1011 3462 1209 3528 contrarium
1231 3482 1304 3526 esse
1327 3482 1376 3525 re·

82 3564 220 3654 peteris,
242 3587 309 3630 non
330 3565 430 3631 alium
452 3588 505 3632 me
528 3589 602 3632 esse
619 3568 745 3654 judica,
768 3591 865 3654 quam
886 3566 989 3651 illum,
1011 3567 1068 3655 qui
1089 3565 1163 3655 plus
1186 3564 1373 3631 hominibus

82 3669 150 3736 fide
172 3668 291 3755 dignis,
314 3691 410 3757 quam
434 3669 583 3759 sibiipsi
605 3671 726 3757 credit3
760 3674 788 3737 si
810 3695 889 3739 vero
922 3671 1045 3761 aliquid
1068 3670 1157 3736 aliud
1178 3668 1296 3734 melius
1318 3675 1376 3734 aut

81 3771 286 3862 probabilius
308 3793 381 3838 esse
403 3774 540 3840 sciveris
574 3784 607 3840 et
627 3774 840 3859 intellexeris,
873 3777 1060 3864 relinquens
1083 3784 1226 3842 mentem
1247 3774 1374 3862 inquie-

81 3882 161 3960 tam,
185 3886 218 3945 et
238 3879 340 3946 rerba
362 3879 557 3946 detractoria
578 3882 738 3958 omittens,
761 3882 888 3967 corrige
903 3883 1021 3969 quiete,
1045 3882 1159 3964 amice,
1183 3878 1375 3946 charitative

90 3990 123 4046 et
144 3980 297 4068 benigne,
319 3986 503 4071 recogitans
526 3992 557 4049 te
579 3986 687 4072 ipsum
710 3986 807 4050 etiam
843 3985 1025 4070 hominem,
1059 3994 1092 4051 et
1121 4008 1188 4052 non
1220 3982 1376 4070 angelum

85 4109 169 4172 esse,
192 4087 254 4156 hoe
277 4101 308 4155 te
329 4113 419 4176 rogo,
442 4113 518 4156 nam
540 4091 611 4156 avis
635 4091 801 4178 quaelibet
823 4093 910 4157 canit
925 4114 984 4179 pro
1006 4091 1224 4179 possibilitate
1247 4108 1377 4154 suana-

81 4194 190 4260 turali.
234 4193 332 4260 Hunc
354 4203 462 4260 autem
485 4194 603 4261 librum
626 4197 660 4261 in
684 4205 821 4284 quatuor
843 4205 963 4284 partes,
986 4219 1043 4263 seu
1067 4197 1167 4262 libros
1191 4193 1298 4260 divisi.
1334 4191 1376 4258 In
1403 4230 1436 4248 .-

83 4300 191 4388 primc
215 4298 300 4366 libro
332 4298 502 4383 scribetur,
537 4299 699 4388 quomodo
729 4299 930 4368 Wladislaus
960 4301 1157 4368 aBohemis
1191 4305 1377 4385 assumptus

82 4403 239 4470 fueritin
262 4425 385 4491 regem,
410 4412 443 4470 et
464 4403 631 4471 dominum
656 4414 762 4471 terrae
787 4406 995 4485 Bohemicae,
1032 4415 1065 4472 et
1099 4402 1177 4492 quid
1211 4402 1271 4469 sub
1293 4401 1378 4487 regi·

83 4508 175 4574 mine
197 4508 300 4596 ipsius
322 4509 504 4596 contigerit,
527 4508 561 4574 id
583 4507 728 4576 breviter
749 4512 912 4578 annotavi.
955 4509 1084 4575 Deinde
1107 4509 1148 4574 dc
1169 4530 1248 4594 rege
1270 4504 1378 4573 Ludo·

83 4614 162 4679 vico
198 4612 265 4679 filio
288 4615 369 4704 ejus,
391 4613 433 4679 de
455 4613 597 4681 violenta
618 4613 796 4681 afflictione
818 4624 851 4682 et
871 4617 1002 4682 miseria
1024 4638 1063 4681 ae
1084 4616 1131 4697 vi,
1151 4611 1384 4678 multisbem‘x·

83 4719 183 4789 nibus
206 4715 332 4805 Pragae
355 4719 426 4787 sine
460 4719 555 4811 culpa
586 4719 698 4809 illatis,
731 4743 753 4789 a
776 4720 1013 4815 superioribus
1041 4718 1157 4789 sctum
1176 4708 1423 4780 secessimus
