2948 5040
1290 144 1363 221 iasa

57 333 306 400 administrator
327 351 483 420 suprema
504 330 540 396 in
563 327 736 396 atrocitate
760 348 820 392 sua
842 325 994 393 columna
1014 327 1100 392 inter
1120 318 1202 394 alios
1214 326 1363 393 sacerdo-

56 447 118 520 tes,
141 438 344 503 incessanter
366 430 505 502 dissidia
540 440 574 499 et
595 431 769 498 invidiam'
791 432 878 496 inter
899 430 1024 496 incolas
1040 431 1240 519 ·Pragenses
1262 431 1363 497 disse-

55 542 187 606 minans
222 540 382 607 desistere
407 538 551 604 noluerit
586 537 696 602 asnis
718 535 910 618 audacibus,
938 536 1070 623 injustis
1102 545 1135 601 et
1156 534 1363 605 tumultuosis

55 643 280 728 concionibus,
304 644 387 709 alios
410 645 509 709 etiam
532 641 575 707 ad
597 640 722 717 similes
745 641 925 722 concitans,
955 640 1079 705 nullum
1104 663 1146 709 ex
1169 641 1363 731 quocunque

55 758 143 814 statu
176 750 379 837 praeterivit,
412 760 448 814 ut
479 769 555 814 eum
584 767 650 811 non
687 744 839 810 laesisset
870 744 1042 809 malitiosis
1078 745 1145 809 suis
1179 745 1292 812 verbis
1331 755 1364 811 et

57 853 207 942 turpibus
241 853 511 937 detractionibus,¹
543 872 640 916 omne
679 848 887 916 mendacium
920 848 1052 935 publice
1086 849 1293 916 confirmavit
1330 857 1363 913 et

55 958 189 1023 veritati
210 957 387 1046 adscripsit
419 957 489 1022 sine
511 955 601 1021 omni
623 951 833 1037 verecundia,
863 952 985 1017 nullius
1009 954 1251 1023 correctionem·
1268 957 1361 1045 sequi

55 1061 183 1146 volens,
218 1061 277 1127 sed
304 1062 341 1127 in
363 1063 432 1126 suis
453 1058 566 1127 verbis
595 1058 762 1146 injuriosis
796 1059 1001 1123 incessanter
1023 1061 1176 1145 perstitit,
1206 1070 1243 1126 ut
1264 1060 1358 1126 multi

58 1188 159 1254 saepe
188 1167 297 1232 mirati
318 1165 449 1248 fuerint,
483 1163 571 1251 quod
592 1161 717 1229 tamdiu
739 1162 810 1226 sine
832 1162 921 1226 omni
942 1182 1049 1247 poena
1072 1172 1104 1225 et
1125 1163 1362 1251 impedimento
1388 1196 1391 1201 ·

56 1272 87 1337 ei
111 1292 210 1359 super
242 1269 324 1335 alios
355 1268 482 1336 incolas
516 1268 697 1334 dominium
728 1267 944 1334 successerit·
979 1261 1165 1354 Postquam
1179 1251 1363 1356 igitur'rex

55 1373 373 1442 Bohemo-Budvicii
387 1375 520 1441 comitia
532 1373 727 1438 instituisset
739 1373 774 1436 in
787 1371 841 1436 die
861 1369 975 1439 Sancti
988 1371 1114 1465 Kiliani
1126 1373 1170 1462 (8.
1182 1373 1282 1460 Aug.)
1299 1395 1362 1460 pro

55 1477 207 1545 omnibus
237 1477 376 1545 statibus
413 1479 508 1564 regni
530 1476 719 1559 Bohemiae‚
741 1465 876 1564 propter
894 1510 897 1515 ·
913 1478 1007 1562 regni
1029 1477 1126 1565 hujus
1148 1479 1362 1545 necessitates

55 1582 216 1672 publicas,
243 1583 390 1669 contigit,
424 1581 512 1670 quod
546 1582 643 1647 etiam
673 1601 783 1646 coram
816 1601 896 1665 rege
929 1579 1295 1668 quidam-'notabiliores
1319 1582 1361 1647 de

55 1684 177 1775 populo
200 1687 400 1752 mentionem
421 1685 569 1762 fecerint,
592 1692 625 1749 et
656 1683 805 1750 notitiam
838 1690 961 1748 certam
999 1693 1032 1750 et
1064 1685 1282 1753 sufficientem
1320 1687 1362 1754 de

57 1791 207 1859 Oaahera
240 1800 273 1857 et
302 1789 451 1879 eJusdem
475 1789 656 1855 excedente
678 1788 804 1854 malitia
825 1788 1029 1876 protulerint.
1074 1790 1149 1855 Rex
1170 1812 1261 1877 vero,
1284 1792 1362 1859 licet

51 1898 122 1986 jam
157 1895 260 1961 multa
281 1895 324 1961 de
347 1894 463 1960 eodem
485 1895 575 1981 prius
597 1893 771 1976 audiverit,
794 1914 961 1981 nunquam
983 1902 1093 1959 tamen
1115 1906 1183 1964 tam
1205 1920 1357 1971 severum

55 2026 91 2070 se
125 2023 205 2089 erga
236 1999 328 2067 illum
351 1999 511 2080 exhibuit,
536 2003 622 2067 sicut
642 1999 700 2066 illo
723 2008 879 2088 tempore,
903 2011 935 2079 et
966 2002 1043 2087 quia
1063 2001 1360 2068 nullum-favorem

56 2107 144 2198 apud
166 2107 289 2174 bonum
312 2105 475 2193 quendam
512 2113 545 2170 et
567 2105 740 2172 honestum
762 2092 1088 2189 hominem'invcnit,
1111 2106 1176 2170 nisi
1197 2105 1287 2194 apud
1310 2107 1361 2171 sui

55 2210 191 2296 similes,
215 2219 249 2276 et
269 2212 305 2276 in
326 2210 478 2276 omnibus
500 2209 665 2297 perversis
687 2209 853 2296 aequales,
865 2208 964 2274 etiam
987 2208 1112 2275 nullum
1135 2209 1224 2298 apud
1246 2231 1360 2296 regem

57 2318 200 2384 amicum
231 2315 392 2382 fautorem
424 2323 457 2380 et
488 2315 737 2381 intercessorem
771 2311 921 2396 obtinuit,
956 2315 1033 2402 quia
1067 2306 1218 2379 omnibus
1253 2313 1358 2382 bonis>

60 2420 178 2507 quiefis
200 2429 233 2488 et
253 2438 369 2510 pacem
391 2419 576 2486 amantibus
597 2419 633 2484 in
655 2420 745 2485 omni
766 2426 853 2485 statu
874 2418 1008 2485 odiosus
1030 2418 1099 2486 fuit.
1122 2416 1362 2500 Quodseausa

58 2546 121 2592 rex
141 2526 213 2593 sine
234 2546 327 2591 mora
347 2523 518 2591 mandavit
532 2523 890 2610 Vetere-Pragensibus
913 2521 1014 2589 scribi
1037 2522 1159 2608 literas,
1182 2523 1219 2588 in
1239 2544 1362 2589 memo·

55 2630 139 2697 riam
161 2629 229 2697 illis
250 2635 411 2699 revocans
434 2651 495 2697 sua
516 2628 583 2695 illis
603 2630 698 2696 varia
719 2636 872 2695 oretenus
893 2628 982 2695 facta
1003 2637 1036 2696 et
1057 2631 1180 2718 scripta
1194 2626 1360 2717 mandata,

55 2744 92 2801 ut
112 2733 221 2803 eidem
245 2743 279 2803 et
299 2733 452 2802 omnibus
473 2733 549 2800 aliis
572 2732 799 2801 sacerdotibus
812 2734 896 2801 tales
912 2732 1127 2801 tumultuosas
1143 2724 1363 2828 etinquietas

54 2841 233 2909 conciones
265 2840 447 2926 inhibeant,
481 2861 522 2906 ac
555 2838 738 2906 ultimatim·
754 2861 793 2906 ao
814 2839 948 2905 realiter
971 2839 1079 2905 eidem
1103 2850 1136 2906 et
1158 2843 1239 2930 ejus·
1253 2866 1361 2911 saeer-

55 2944 189 3013 dotibus
210 2967 231 3011 a
252 2945 373 3012 talibus
396 2943 610 3012 concionibus
633 2965 763 3011 cessare
780 2942 930 3034 jubeant.
975 2943 1029 3009 Illi
1050 2945 1116 3032 ipsi
1128 2947 1227 3011 etiam
1240 2948 1360 3035 quoda

55 3071 136 3137 rege
170 3050 302 3138 saepius
334 3047 524 3115 mandatum
553 3048 661 3133 fuerit,
679 3050 682 3055 ’
699 3056 735 3114 ut
757 3050 799 3115 ab
835 3046 986 3114 omnibns
1009 3049 1171 3116 similibus
1199 3051 1363 3118 abstineat

55 3164 89 3221 et
120 3153 197 3221 aliis
225 3154 293 3221 suis
331 3153 555 3221 sacerdotibus
588 3154 671 3221 haee
691 3146 806 3242 ¹agere
835 3142 1023 3242 prohibeat,
1061 3154 1148 3240 quod
1170 3163 1280 3221 autem
1302 3157 1361 3224 tali

54 3256 212 3325 mandato
235 3265 269 3324 et
289 3258 451 3326 voluntati
473 3260 545 3347 ejus
566 3257 740 3347 hucusque
757 3259 958 3327 satisfactum
979 3280 1046 3324 non
1068 3259 1176 3344 fuerit,
1209 3259 1276 3326 imo
1298 3260 1357 3327 ubi

54 3362 91 3431 bi
124 3361 316 3429 tumultuosi
348 3371 382 3430 et
408 3362 557 3429 seditiosi
590 3384 757 3429 sermones
793 3371 826 3428 et
854 3363 1117 3450 praedicationes
1140 3385 1281 3448 cessare,
1303 3374 1360 3430 aut

55 3466 175 3535 saltem
209 3469 360 3534 imminui
394 3466 597 3551 debuissent,
620 3489 749 3555 semper
771 3467 880 3534 adhuc
901 3474 1008 3554 magis
1030 3468 1072 3535 ab
1097 3469 1211 3536 eodem
1234 3471 1360 3558 atejus

55 3571 149 3640 clero
181 3571 268 3639 aucti
305 3570 436 3639 fuerint
491 3572 637 3639 Ulterius
670 3595 732 3640 rex
761 3574 797 3639 in
818 3572 870 3638 his
906 3572 1010 3638 literis
1048 3574 1204 3640 iracunde
1228 3581 1358 3639 etcum

55 3675 199 3766 quadam
229 3676 448 3745 admiratione
480 3678 660 3762 asserebat,
695 3699 732 3743 se
761 3676 848 3743 velle
873 3677 1047 3766 inquirere,
1071 3680 1143 3767 quis
1177 3687 1271 3745 autor
1307 3680 1359 3757 sit,

54 3780 146 3871 quod
174 3782 228 3849 his
259 3782 411 3850 omnibus
446 3782 649 3851 satisfactum
678 3784 849 3871 hucusque
871 3805 940 3848 non
961 3783 1068 3849 fuerit.
1112 3783 1259 3871 Ideoque
1280 3784 1359 3849 Pra-

54 3883 216 3973 gsnsibus
237 3888 348 3953 stricte
371 3887 431 3953 sub
455 3889 600 3954 maxima
621 3910 728 3976 poena
750 3885 929 3965 mandavit,
953 3897 989 3954 ut
1022 3890 1263 3977 quamprimum
1296 3888 1359 3956 hae

54 3988 173 4059 literae
195 3988 237 4057 ad
260 3989 333 4057 illos
356 3992 560 4080 pertigerint‚
582 4001 619 4057 ut
640 3990 780 4058 eundem
801 4013 880 4057 mox
902 3995 1052 4081 sequenti
1074 3993 1127 4059 die
1149 3995 1251 4061 citent
1265 3992 1361 4082 eique

53 4092 233 4179 insinuent,
255 4104 292 4161 ut
309 4098 386 4173 'sins
409 4100 498 4163 omni
520 4098 666 4164 ulteriori
688 4097 844 4184 temporis
856 4098 1029 4165 intervallo
1041 4098 1104 4164 hac
1127 4098 1242 4165 eadem
1254 4101 1361 4188 prima

54 4198 112 4269 die
135 4220 179 4266 ex
200 4199 283 4268 urbe
304 4202 464 4290 Pragensi
487 4201 727 4295 exeatibique
750 4199 890 4288 amplius
912 4223 977 4268 non
999 4201 1133 4293 habitet,
1169 4205 1234 4270 nisi
1255 4225 1361 4292 usque

54 4300 102 4369 ad
123 4303 204 4371 solis
226 4305 374 4393 ejusdem
396 4305 464 4373 diei
487 4329 649 4391 occasum,
671 4308 759 4372 intra
782 4327 842 4371 sex
865 4328 945 4373 vero
970 4305 1041 4373 dies
1054 4309 1208 4390 continuo
1225 4330 1361 4397 sequen·

54 4414 108 4479 tes
130 4431 174 4475 ex
195 4431 297 4496 regno
312 4410 502 4496 Bohemiae‚
525 4411 658 4479 tandem
680 4411 793 4477 ultimo
816 4410 902 4477 intra
924 4412 1168 4499 quatuordecim
1188 4413 1357 4482 dieseon·

60 4516 167 4583 'inuos
190 4536 234 4583 ex
255 4514 415 4583 limitibus
438 4526 471 4582 et
492 4517 682 4605 regionibus
705 4517 776 4601 regi
792 4516 1076 4604 appertinentibus
1095 4517 1253 4594 excedat3
1271 4513 1360 4605 quod

80 4620 88 4687 i
124 4640 205 4687 vero
222 4620 322 4708 juxta
342 4619 531 4688 mandatum
569 4623 631 4689 hoc
654 4644 689 4688 se
712 4643 828 4707 gerere
850 4620 991 4688 noluerit
1013 4630 1047 4693 et
1067 4621 1211 4706 obedire,
1234 4629 1268 4689 et
1288 4620 1360 4687 ubi·

104 4744 191 4815 nque
213 4723 489 4814 deprehendetur,
513 4727 582 4795 vita
619 4735 652 4794 et
673 4726 770 4794 bonis
792 4728 950 4815 privetur,
977 4737 1011 4796 et
1031 4727 1116 4801 haec
1136 4723 1372 4795 omnim-ia
1402 4788 1404 4793 .
