2948 5040
1170 192 1174 200 '
1287 174 1347 258 ,98

47 338 243 444 prodiderit,
271 353 407 421 etsiue·
420 351 503 418 scitu
517 356 649 418 senemr
671 347 774 417 multa
785 347 908 449 egerit,
947 338 981 413 et
1002 344 1067 412 alia
1088 344 1183 435 plura
1205 347 1347 432 locutum,
1384 413 1389 423 ,

18 482 21 487 ·
49 459 93 525 sd
116 457 247 546 culpam
269 477 360 522 auam
381 452 605 532 amovendam,
636 461 734 541 atque
755 461 822 521 tem
843 451 899 519 ille
921 449 1057 533 Schorti,
1091 472 1188 540 quarn
1210 451 1267 518 alii
1288 451 1349 529 ina,

11 555 28 607 '·
55 562 223 646 carcerati,
243 582 331 637 eum
352 558 477 626 Passek
510 559 545 624 in
567 557 737 625 mendacio
770 554 1026 644 deprehendisse
1062 554 1149 623 clare
1181 552 1360 625 moerere?

52 667 142 751 bant,
166 664 312 735 acciunt
334 685 446 731 omnes
467 661 610 745 insimul,
631 662 679 730 ita
696 659 836 748 ¹quilibet
857 680 969 727 sorum
1003 660 1209 748 singulariter
1240 662 1277 730 id
1296 660 1357 731 fs·x

52 777 178 853 certant,
216 778 250 834 et
274 769 399 856 justam
431 789 523 835 suam
557 765 656 831 fidem
689 764 819 853 publice
841 764 980 854 professi
1010 763 1154 833 inerunt.
1197 766 1353 847 'l'andsm

54 875 196 958 comnia,
220 894 303 959 quae
324 871 543 958 Pragsnsibua
565 869 607 938 ad
629 868 786 947 uniones,
803 868 1050 959 responderunt,
1077 871 1197 951 ,iterum
1218 873 1349 961 aprin-

52 982 130 1070 oipe
150 978 289 1067 repetita
309 975 449 1043 ficerunt.
492 977 571 1043 Post
592 974 675 1043 haec
706 976 753 1043 ita
774 975 873 1044 locuti
895 983 990 1062 sunt:
1023 975 1239 1044 Serenissime
1260 977 1349 1064 prin·

51 1085 155 1174 capsi
167 1070 379 1172 quaecunque
400 1080 588 1168 scripsimus
608 1081 664 1150 vel
684 1080 785 1149 locuti
805 1101 925 1166 sumus,
947 1079 1085 1149 dicimus
1107 1080 1189 1148 baec
1210 1080 1257 1152 ita
1270 1102 1350 1150 vera

54 1212 142 1274 esse,
164 1187 213 1255 illi
233 1208 313 1254 vero
334 1185 369 1251 in
391 1187 587 1259 carnarium
609 1185 731 1270 dicunt,
763 1208 834 1253 rem
854 1187 901 1252 ita
922 1200 1103 1272 neeesse,
1126 1185 1204 1253 inde
1220 1187 1292 1275 jam
1316 1192 1351 1253 at'
1408 1240 1411 1245 .

29 1292 153 1360 -nobis
175 1291 269 1359 datm
290 1291 385 1375 ectio,
409 1298 441 1357 et
462 1289 577 1359 attinet
599 1291 863 1390 communitatem
882 1291 1009 1359 numeri
1031 1292 1174 1380 majoris,
1207 1291 1348 1379 ideoque

29 1412 35 1425 ·
53 1398 92 1465 id
113 1395 157 1463 ad
179 1398 336 1486 majorem
356 1417 529 1463 numerum
550 1393 676 1462 deferre
699 1395 865 1480 debemus,
899 1416 976 1462 nam
997 1394 1052 1463 bio
1073 1395 1148 1464 illos
1164 1399 1349 1482 concernit,

54 1501 203 1569 idcirco.
218 1522 290 1569 cras
323 1499 395 1569 Deo
430 1496 530 1566 dante
567 1521 666 1589 super
696 1499 757 1567 bos
792 1522 959 1569 sermones
993 1500 1123 1571 illorum
1159 1523 1362 1597 responsum.
1447 1493 1449 1497 ’

56 1606 219 1675 dabimus.
462 1618 464 1623 '
679 1675 681 1681 ,

143 1710 210 1794 Die
231 1708 384 1777 mercurii
405 1705 525 1774 deinde
545 1707 731 1794 Pragenses
764 1729 957 1796 responsum
989 1705 1150 1775 dederunt
1168 1709 1204 1775 iu
1226 1718 1351 1778 contra·

58 1815 147 1883 rium
168 1837 229 1903 per
249 1815 439 1901 magistrum
471 1811 614 1896 Passer,
647 1810 691 1879 ad
723 1811 1012 1893 contradictionem
1047 1814 1204 1881 sermonis
1223 1815 1350 1904 'prioris

59 1940 157 2010 qnam
179 1919 371 1985 incarcerati
392 1915 615 2005 protulerunt3
645 1916 673 1981 si
694 1938 772 1985 vero
795 1917 904 1983 omnia
926 1915 1014 1983 dicta
1034 1917 1165 1987 illorum
1185 1915 1228 1985 da
1248 1917 1351 1989 verbo
1391 1935 1392 1939 ’

62 2023 107 2093 ad
128 2022 264 2091 verbnm
277 2021 388 2101 scribi
409 2019 576 2104 deberent,
610 2029 699 2086 certe
720 2020 830 2109 ampla
852 2030 885 2087 et
905 2019 1055 2089 taediosa
1073 2045 1127 2089 res
1151 2023 1194 2091 ad
1214 2023 1355 2093 audien·
1399 2097 1401 2101 ,

58 2125 140 2195 dum
170 2136 204 2195 et
235 2125 411 2214 legendum
433 2131 530 2190 esset.
568 2122 661 2204 Quae
682 2132 791 2190 autem
824 2123 912 2193 dicta
944 2133 977 2190 et
998 2124 1126 2214 prolata
1148 2126 1278 2210 fuerint,
1314 2149 1358 2195 ex

61 2246 221 2318 responso
241 2254 263 2298 a
284 2231 422 2319 captivis
444 2227 651 2317 infrascripto
673 2223 776 2299 altera
796 2229 871 2297 vice
898 2228 983 2314 dato,
1005 2238 1081 2319 post
1104 2231 1357 2298 notificationem

69 2334 178 2406 illisa
194 2334 342 2425 principe
365 2335 464 2401 etiarn
498 2332 602 2399 ultera
634 2334 709 2400 vice
741 2333 861 2418 damin,
898 2334 995 2423 hujus
1018 2352 1149 2403 sensum
1183 2358 1226 2402 ex
1260 2336 1358 2404 dictis

63 2436 208 2526 magistri
229 2439 358 2506 Passek
392 2438 512 2527 optime
548 2436 723 2527 intelliges,
762 2437 848 2526 quod
880 2444 1077 2527 responsum
1098 2461 1217 2530 nempe
1246 2462 1359 2508 omnes

62 2532 197 2612 insimul
220 2544 389 2619 dederunt
432 2545 574 2625 Mutatio
606 2547 693 2614 enim
725 2546 857 2615 addicta
878 2569 899 2614 a
919 2546 1046 2615 Passek
1076 2546 1138 2616 fuit
1158 2572 1179 2621 a
1198 2550 1358 2639 principio

61 2647 115 2714 bis
138 2648 267 2719 verbis:
901 2739 902 2743 Ἰ
1026 2676 1036 2693 ·«

41 2804 45 2811 ,
151 2753 367 2822 Serenissime
388 2754 541 2845 princeps
564 2764 597 2822 et
618 2754 743 2823 domini
764 2755 928 2843 ablegati!
954 2750 1074 2846 parum'
1091 2766 1147 2824 ant
1166 2757 1249 2826 nibil
1270 2758 1361 2837 aliud

60 2878 140 2947 pars
162 2857 245 2925 baec
266 2859 361 2951 nobis
396 2861 558 2945 contraria
580 2868 695 2926 contra
715 2882 776 2927 nos
797 2860 948 2948 loquitur,
985 2863 1050 2928 nisi
1072 2862 1159 2951 quod
1174 2864 1247 2952 jam
1268 2863 1360 2953 prius

65 2964 169 3031 locuti
189 2964 328 3048 fuerunt,
362 2973 394 3031 et
415 2965 535 3030 nostris
556 2964 708 3032 fidelibus
734 2973 768 3032 et
789 2965 924 3032 sinceris
945 2964 1239 3052 informationibus,
1276 2954 1360 3055 quas

63 3067 162 3134 simul
185 3076 218 3135 et
239 3067 362 3156 singuli
381 3069 596 3156 porreximus,
614 3090 684 3136 non
705 3070 869 3154 resistunt,
892 3078 924 3137 ct
949 3070 1097 3157 quamvis
1119 3070 1252 3154 vellent,
1269 3073 1361 3160 juste

60 3179 238 3260 nequeunt
282 3172 491 3262 Quapropter
512 3173 555 3241 ad
576 3173 659 3241 baec
680 3174 825 3243 breviter
835 3172 1088 3263 respondemus;
1112 3174 1200 3264 quod
1210 3175 1362 3243 lubentes

61 3276 246 3362 audiamus,
281 3277 359 3342 dum
393 3301 468 3368 pars
491 3278 630 3346 adversa
650 3301 718 3345 non
740 3278 942 3358 contradicit,
979 3278 1066 3367 quod
1087 3277 1202 3345 fideles
1225 3288 1258 3346 et
1288 3278 1362 3347 dili·

63 3390 181 3468 gentes
204 3403 314 3449 sumus
336 3383 371 3449 in
393 3384 606 3470 procurandis
633 3374 870 3453 communibus
892 3382 997 3467 bonis,
1030 3391 1063 3449 et
1085 3384 1112 3449 si
1134 3384 1361 3453 contradicere

62 3484 199 3569 vellent,
231 3487 321 3574 juste
354 3509 420 3554 non
449 3496 594 3576 possunt,
629 3510 705 3556 nam
727 3485 809 3567 illud
841 3489 994 3557 universo
1027 3510 1130 3576 regno
1163 3497 1361 3571 notumest.

64 3588 134 3659 Sed
155 3590 233 3656 dum
255 3590 377 3670 dicunt,
401 3592 487 3680 quod
509 3594 544 3659 in
565 3593 631 3659 fine
653 3593 763 3660 omnia
784 3591 1051 3677 destruxerimus,
1074 3602 1107 3659 et
1127 3593 1263 3682 perinde
1285 3593 1360 3661 lau·

63 3694 143 3760 dem
163 3717 230 3760 non
251 3717 452 3781 mereamur,
475 3695 517 3761 ad
540 3696 622 3762 haee
644 3696 793 3780 dicimus,
817 3718 999 3772 sermonem
1021 3695 1120 3763 talem
1135 3720 1358 3765 esseuacuum

67 3807 100 3864 et
121 3796 255 3882 nudum,
293 3820 332 3864 ac
353 3801 484 3866 inanem
517 3800 690 3867 verborum
722 3801 939 3888 negationem,
965 3801 1051 3889 quia
1072 3800 1156 3873 baec
1178 3802 1363 3873 nullatenus

66 3901 218 3992 probant,
251 3925 314 3968 nac
333 3903 473 3992 probare
494 3915 662 3993 poterunt3
699 3928 776 3978 nam
806 3905 901 3993 quale
923 3906 1125 3995 quarundam
1143 3895 1363 3996 ¹personarum

63 4006 107 4072 da
130 4006 192 4072 boc
214 4007 322 4074 medio
345 4009 538 4097 principium
562 4011 612 4093 sit,
634 4010 731 4077 facile
752 4011 950 4099 agnoscitur,
980 4010 1059 4077 dum
1083 4033 1143 4079 nos
1158 4013 1211 4097 ri,
1233 4036 1293 4102 per
1312 4014 1363 4079 in·
1384 4098 1387 4103 ἢ

67 4110 172 4177 sidias
205 4120 237 4177 et
269 4113 389 4201 injuste
411 4116 559 4200 aggressi
581 4114 721 4199 fuerunt,
755 4126 787 4180 et
808 4116 843 4180 in
878 4137 973 4203 quem
1004 4115 1108 4181 finem
1141 4116 1222 4183 illud
1256 4127 1363 4206 agant,

68 4216 179 4299 Deus
199 4216 297 4282 atium
328 4210 425 4305 paulo
457 4229 532 4306 post
552 4217 793 4307 menifestabit3
813 4229 911 4285 certe
943 4229 1076 4308 propter
1104 4219 1204 4287 fidem
1237 4244 1362 4289 sacram

66 4319 281 4387 christianam
301 4320 383 4388 illud
404 4344 468 4389 non
492 4324 538 4406 fit,
561 4294 803 4418 sediquaedam
822 4321 888 4388 alia
909 4345 969 4412 per
991 4324 1073 4392 haec
1093 4325 1254 4407 velantur,
1278 4349 1362 4416 quae

67 4422 156 4491 intra
178 4425 280 4493 breve
302 4435 431 4514 tempus
453 4428 489 4491 in
511 4428 618 4495 lucem
640 4414 826 4517 prodibunb'
1303 4459 1306 4464 ·

157 4529 259 4618 Item,
282 4531 369 4619 quod
379 4531 500 4597 clerum
512 4533 635 4616 attinet,
658 4533 700 4599 ad
715 4532 874 4619 baccjam
898 4552 996 4619 supra
1016 4532 1252 4622 respondimus,
1276 4534 1363 4624 quod
1412 4541 1414 4546 '

68 4633 162 4700 illum
184 4636 219 4702 in
241 4635 356 4725 urbem
377 4657 444 4701 non
464 4635 700 4716 induxerimus,
723 4645 756 4703 at
778 4635 865 4724 quod
876 4635 937 4702 sub
951 4636 1088 4724 primate
1101 4642 1257 4727 magistro
1278 4639 1363 4707 Pas·,

73 4739 136 4807 sak
150 4738 275 4829 aliquot
295 4742 388 4809 annis
401 4741 495 4809 citius
507 4739 680 4830 adfuerint,
701 4741 875 4821 fueruntne
895 4739 1391 4831 theudemundum
1423 4793 1427 4799 .
