2948 5040
127 142 171 216 86

128 304 192 385 rati
214 315 321 382 tristes
342 307 432 404 loqui
454 321 649 403 coeperunt,
672 334 808 403 nempe:
833 313 1051 381 Serenissime
1085 315 1243 405 princeps
1266 311 1425 381 conside·

128 443 202 487 rare
224 419 385 506 dignetur,
420 419 559 508 qualiter
593 418 635 485 ab
671 420 830 505 omnibus,
863 420 929 485 imo
951 440 971 483 a
992 421 1133 507 propriis
1155 419 1433 485 111111111111-Ι

127 529 315 616 sanguincis
351 525 470 589 nostris
504 523 650 589 derelicti
690 526 800 602 simus,
824 524 871 589 ita
905 522 991 611 quod
1014 522 1055 588 ob
1094 522 1325 593 crudelitatem·
1356 545 1427 610 par·
1463 508 1465 513 ⁴

125 634 170 698 tis
202 630 297 698 nobis
321 626 511 710 contrariae,
544 628 642 692 amici
663 629 775 711 nostri,
813 637 845 693 et
867 627 924 692 alii
946 627 1038 692 multi
1071 627 1219 694 homines
1252 626 1343 704 boni,
1366 649 1428 691 nec

128 737 298 805 nobiscum
321 733 471 821 colloqui,
494 754 601 820 neque
622 731 726 799 libere
762 752 822 798 nos
845 733 1035 819 conspicere
1071 732 1220 801 audeant.
1252 732 1426 819 Quampri-

128 864 217 908 mum
249 841 336 906 enim
358 837 583 925 comprehensi
616 846 648 916 et
683 837 876 902 incarcerati
908 835 1092 919 fuissemus,
1129 836 1187 902 illa
1222 837 1297 924 ipsa
1319 838 1429 903 statim

131 946 195 1029 die,
218 944 301 1010 nihil
340 944 419 1008 certi
442 949 555 1006 contra
575 963 635 1005 nos
657 940 825 1023 habentes,
863 939 974 1005 literas
997 949 1110 1004 contra
1132 962 1192 1006 nos
1221 941 1431 1008 confecerunt

130 1051 232 1134 fictae,
254 1049 365 1131 falsas,
398 1045 657 1122 contumeliosas,
692 1053 789 1133 atque
822 1043 979 1131 sigillatas
1014 1045 1050 1108 11
1086 1044 1199 1110 omnes
1233 1047 1328 1133 regni
1366 1048 1429 1112 dis·

130 1156 243 1220 trictus
265 1153 396 1218 nomine
419 1151 515 1215 totius
550 1151 788 1215 communitatis
810 1149 992 1234 Pragensis,
1009 1170 1105 1235 quam
1119 1160 1334 1217 convocatam
1353 1155 1428 1240 jux-

131 1269 165 1326 ta
186 1261 284 1324 ritum
308 1267 341 1323 11
362 1257 509 1323 ordinem
532 1257 671 1322 civitatis
694 1255 869 1341 Pragcnsis
891 1277 957 1319 non
978 1254 1180 1340 habuerunt3
1202 1265 1276 1343 post
1306 1266 1427 1346 tempo-

133 1387 171 1429 ra
181 1386 260 1433 1111
274 1361 432 1450 quaedam
443 1363 547 1449 primo
560 1369 823 1427 convocaverunt
835 1360 1107 1442 communitatem,
1120 1382 1290 1427 numerum
1311 1385 1430 1452 nempe

133 1468 295 1557 quendam
316 1489 382 1532 non
405 1467 558 1553 exiguum
581 1475 778 1532 armatorum
802 1472 1049 1548 congregantes,
1073 1466 1178 1531 curias
1201 1480 1274 1529 cum
1299 1467 1430 1554 quibus·

128 1573 205 1639 dam
223 1568 377 1637 ¹domibus
401 1573 631 1660 impleverunt,
655 1580 688 1636 et
709 1592 819 1635 coram
842 1569 1070 1633 communitate
1093 1579 1282 1656 sparserunt
1316 1583 1350 1636 et
1384 1574 1428 1638 di·

127 1684 255 1759 xerunt,
279 1698 378 1767 quare
400 1699 460 1742 111
482 1676 768 1742 incarceraverint.
806 1674 873 1738 Nos
889 1684 973 1739 ‘vero
994 1674 1030 1737 in
1052 1675 1236 1741 carceribus
1259 1676 1374 1744 literas
1389 1680 1428 1744 ad

129 1785 392 1852 communitatem
425 1779 613 1863 direximus,
649 1802 691 1845 ne
724 1775 1011 1844 informationibus
1044 1778 1138 1843 malis
1161 1779 1322 1846 danobis
1345 1782 1428 1848 datis

130 1889 230 1955 fidem
252 1887 438 1970 adhibeant,
464 1885 551 1972 quod
572 1887 606 1950 in
629 1885 680 1950 his
703 1882 852 1948 omnibus
876 1886 1067 1948 1111111111
1090 1884 1202 1967 simus,
1226 1885 1326 1950 etiam
1348 1891 1426 1976 peti-

129 1996 236 2061 vimus
273 1992 360 2079 apud
393 1991 656 2056 communitatem
689 1988 805 2071 audiri,
841 1988 927 2075 quod
948 1987 1073 2053 ibidem
1106 1997 1217 2054 nostra
1238 1992 1426 2058 1111111111

127 2106 328 2186 agnoscatur,
352 2105 385 2161 et
406 2095 493 2183 quod
515 2096 599 2160 hanc
620 2096 688 2160 vim
710 2093 832 2159 illatam
853 2093 974 2177 injuste
996 2092 1148 2157 feramus.
1169 2093 1221 2158 Et·
1233 2094 1314 2160 dum
1338 2097 1424 2162 dein·

128 2204 169 2269 de
192 2203 324 2292 quidam
346 2202 435 2267 cives
456 2200 596 2267 fideliter
614 2201 768 2287 justeque
790 2222 849 2287 pro
872 2193 1258 2283 11111111111111111111,
1281 2200 1326 2266 ab
1349 2191 1422 2285 illis,

128 2310 184 2397 qui
206 2330 265 2373 nos
286 2308 411 2393 agressi
433 2306 572 2387 fuerunt,
597 2314 629 2370 et
650 2304 692 2369 ab
715 2304 797 2385 aliis,
822 2326 903 2389 quos
939 2306 974 2368 in
997 2303 1154 2368 auxilium
1188 2304 1251 2371 sibi
1280 2328 1426 2394 assump-

129 2420 248 2495 serunt,
283 2409 509 2498 comprehensi
547 2418 579 2474 et
600 2410 722 2497 pariter
743 2411 936 2475 incarcerati
968 2408 1107 2492 fuerunt,
1130 2424 1228 2495 atque
1250 2411 1279 2475 si
1311 2410 1426 2497 aliquis

122 2518 212 2605 juste
233 2514 438 2580 intercedere
459 2513 629 2592 voluisset,
653 2516 723 2581 vim
744 2536 896 2600 magnam
919 2521 1077 2597 metuens,
1101 2535 1167 2578 non
1188 2514 1250 2580 fuit
1270 2515 1307 2581 id
1336 2539 1427 2605 prae·

126 2616 215 2685 ’11111
251 2641 357 2706 ausus.
401 2617 440 2683 ld
475 2619 658 2685 enimcum
696 2619 882 2685 hominibus
920 2627 1064 2704 egerunt,
1089 2621 1181 2706 quasi
1216 2620 1427 2687 haereditarii

128 2724 252 2791 domini
272 2722 401 2789 illorum
435 2732 552 2789 essent.
596 2724 788 2810 Dignemini
809 2723 890 2789 haec
936 2722 1154 2807 considerare,
1187 2747 1230 2790 an
1267 2725 1327 2790 illa
1364 2727 1427 2791 sint

128 2829 235 2896 bonae
258 2827 453 2894 christianae
475 2837 609 2894 naturae
631 2829 791 2896 humanae
814 2852 925 2919 opera.

215 2932 359 3000 Ulterius
394 2933 500 3017 etiam,
525 2933 731 3000 serenissime
753 2934 916 3020 princeps,
955 2943 987 2998 et
1021 2933 1144 2998 domini
1163 2929 1329 3020 ablegati!
1368 2934 1424 3002 hoc

132 3038 234 3119 libere
258 3061 366 3104 coram
388 3039 481 3104 vobis
504 3038 676 3126 loquimur,
698 3037 775 3103 licet
798 3041 947 3123 sciamus,
971 3063 1030 3126 pro
1063 3061 1150 3103 nunc
1172 3061 1231 3104 nos
1254 3039 1296 3104 ab
1321 3039 1421 3105 homi·

126 3144 222 3209 nibus
246 3166 318 3209 esse
355 3143 538 3227 derelictos,
560 3145 662 3209 nihilo
700 3153 809 3210 111111
830 3144 953 3223 minus,
976 3154 1013 3209 ut
1047 3145 1237 3209 innocentes
1271 3152 1304 3208 et
1342 3144 1426 3210 bona

130 3248 330 3315 conscientia
362 3248 501 3336 praediti
534 3250 568 3312 in
592 3249 655 3315 hac
688 3273 786 3315 causa
808 3251 842 3315 in
865 3251 973 3315 Deum
1007 3251 1260 3337 omnipotentem
1289 3247 1427 3314 firmiter

39 3370 42 3374 ’
130 3351 301 3434 credimus,
325 3351 411 3437 quod
433 3352 489 3417 ille
510 3375 571 3418 nos
594 3354 819 3439 derelinquere
840 3377 906 3420 non
929 3354 1123 3441 dignabitur,
1147 3352 1205 3417 sed
1226 3354 1298 3438 ipse
1323 3352 1424 3418 omnl-

127 3457 274 3545 potentia
296 3457 444 3523 Suanos
466 3457 634 3545 adjuvabit
657 3467 690 3524 et
711 3459 875 3525 defendet.
898 3460 989 3526 Nihil
1011 3461 1097 3524 enim
1120 3460 1217 3544 agere
1238 3455 1421 3544 nobispro·

125 3562 301 3649 posuimus,
334 3583 395 3627 nec
432 3564 568 3648 egimus,
607 3564 826 3650 (sanctissima
860 3566 924 3630 Dei
948 3567 1051 3652 gratia
1072 3563 1107 3629 id
1128 3561 1311 3650 firmantes)
1337 3560 1424 3648 quod

128 3666 272 3731 honestis
306 3677 339 3731 et
361 3664 456 3731 bonis
490 3667 674 3732 hominibus
694 3691 760 3733 non
791 3671 989 3753 conveniret,
1025 3669 1079 3735 vel
1101 3675 1243 3733 sanctae
1271 3666 1425 3732 'christia-

126 3791 189 3834 nae
209 3768 288 3834 fidei
309 3769 364 3835 vel
384 3769 507 3856 Regiae
528 3771 701 3857 Majestati,
725 3782 780 3837 aut
801 3772 874 3839 urbi
897 3774 1063 3860 Progensi,
1083 3775 1137 3838 vel
1157 3772 1288 3838 demum
1306 3769 1423 3836 hones·

127 3874 338 3938 tatinostrae
360 3874 596 3958 adversaretur,
619 3884 715 3963 prout
735 3875 816 3942 illud
853 3876 947 3942 nobis
968 3879 1088 3965 injuste
1122 3901 1165 3943 ex
1186 3897 1277 3941 mera
1298 3876 1426 3940 malitia

117 3985 162 4045 ,11
182 3976 306 4043 invidia
328 3999 348 4042 1
370 3977 561 4065 quibusdam
584 3980 732 4066 personis
755 3981 930 4068 imputatur
952 3990 983 4046 et
1016 3981 1058 4046 de
1091 3982 1186 4047 nobis
1223 3980 1424 4065 divulgatur.

128 4079 213 4146 Nam
235 4079 321 4146 Suae
343 4081 516 4148 Serenitati
539 4092 571 4147 et
599 4083 748 4149 omnibus
772 4087 923 4170 gratiosis
946 4085 1086 4151 dominis
1111 4086 1192 4151 bene
1214 4093 1328 4150 notum
1366 4089 1424 4162 111,

130 4184 216 4273 quod
239 4187 325 4251 omni
346 4194 492 4273 tempore
513 4186 653 4254 fideliter
675 4197 708 4252 et
729 4189 855 4256 sincere
877 4190 1091 4256 adhaerentes
1103 4189 1335 4274 SuaeRegiae
1357 4189 1423 4254 hia·

124 4291 238 4379 jestati
249 4289 379 4372 bonum,
392 4290 563 4356 honestum
574 4314 613 4357 ac
624 4291 703 4359 utile
715 4295 861 4382 suacMaj
867 4297 977 4360 estatis
989 4318 1028 4361 ac
1039 4297 1132 4382 regni
1143 4295 1239 4382 hujus
1249 4313 1424 4381 procurare

131 4395 398 4480 quaesiverimus,
414 4395 510 4460 etiam
526 4396 568 4462 ad
580 4396 700 4463 bonum
715 4407 747 4463 11
762 4399 930 4464 honestum
947 4401 1086 4469 civitatis
1102 4403 1197 4490 hujus
1213 4398 1354 4464 consilia
1368 4398 1423 4465 de·

129 4499 284 4584 (11111111,
310 4507 343 4565 et
353 4498 396 4564 ad
406 4500 488 4566 haec
512 4505 675 4590 cooperati
694 4503 859 4588 1111111111,
872 4514 967 4592 prout
979 4510 1102 4596 etjura,
1121 4507 1298 4593 libertates,
1311 4507 1426 4575 hones·

129 4613 213 4671 tates
226 4613 257 4670 et
268 4604 440 4693 privilegia
452 4604 701 4692 defenderimus,
712 4610 813 4675 vitam
825 4617 857 4675 et
869 4609 956 4676 bona
965 4619 1151 4679 nostra'non
1163 4621 1324 4697 curantes,
1335 4615 1427 4703 cujus

131 4732 230 4777 causa
250 4711 338 4800 apud
351 4712 468 4781 multas
491 4713 615 4782 altioris
637 4723 739 4784 status
760 4738 917 4804 personas
940 4718 974 4784 in
996 4718 1163 4787 fastidium
1184 4719 1387 4801 devenimus.
