2948 5040
79 324 117 391 in
140 323 304 392 civitatem
326 323 497 392 venientes
521 321 631 391 omnia
654 322 787 390 omnino
808 320 936 412 reliqua
967 321 1177 390 abstulerunt.
1212 319 1376 390 -Tandem

80 431 227 496 caesarei
247 429 367 496 milites
389 451 497 495 arcem
519 431 626 496 sancti
647 428 778 516 Angeli,
804 427 862 494 ubi
883 427 1030 516 pontifex
1051 450 1125 496 cum
1147 424 1375 510 cardinalibus,

77 534 243 626 praelatis,
267 543 300 601 et
320 534 447 622 reliqua
467 533 543 600 aula
564 555 623 600 sua
656 533 848 620 confugiens
876 532 1025 619 degebat,
1058 533 1232 627 diligenter
1263 533 1374 600 cinxe-

78 648 157 706 runt
188 647 219 704 et
239 640 441 705 incessanter
472 646 709 727 oppugnarunt,
746 637 850 704 donec
882 636 1014 704 tandem
1047 648 1160 726 quarta
1192 639 1246 705 die
1277 645 1374 703 antea

82 743 241 809 nominati
273 746 396 809 mensis
429 743 489 809 sub
519 741 730 831 sequentibus
763 740 1003 808 conditionibus
1025 745 1185 811 caesareis
1216 740 1372 809 militibus

86 871 124 916 se
146 847 343 914 subdidisset
366 855 398 914 et
419 850 654 935 transegisset:

171 953 297 1038 Prim03
316 961 352 1019 ut
372 952 463 1042 Papa¹
477 975 551 1019 cum
566 949 786 1019 cardinalibus
799 956 893 1041 utens
908 951 1080 1038 congenita
1090 951 1196 1041 gratia
1210 972 1372 1039 caesarea,

79 1080 117 1125 se
138 1059 244 1147 ipsum
268 1080 342 1123 cum
363 1057 520 1123 tredecim
542 1057 770 1140 cardinalibus,
794 1057 849 1144 qui
879 1077 953 1121 cum
986 1055 1101 1122 ecdem
1129 1057 1164 1122 in
1186 1078 1262 1123 arce
1285 1060 1370 1125 exis·

80 1170 163 1239 tunt,
195 1163 347 1250 potestati
381 1163 525 1228 caesarei
554 1164 717 1229 exercitus
747 1158 909 1248 subjiciat,
941 1168 978 1225 ut
998 1159 1170 1248 Neapolim
1203 1160 1371 1250 ducantur,

85 1265 207 1332 abinde
222 1282 308 1332 'vero
330 1264 473 1348 ulterius,
497 1287 561 1352 quo
583 1265 668 1332 Suae
689 1264 854 1354 Majestati
875 1285 1047 1331 caesareae
1072 1265 1242 1353 placuerit.

174 1369 342 1458 Secundo;
365 1378 402 1434 ut
421 1370 511 1458 Papa
532 1371 640 1435 statim
662 1379 830 1436 enumeret
851 1377 980 1436 centum
1001 1368 1104 1435 miliia
1125 1391 1296 1436 aureorum
1315 1389 1376 1457 pro

86 1474 275 1542 exulatione
305 1474 444 1540 militum
477 1495 715 1562 germanorum,
747 1476 833 1539 intra
864 1475 983 1560 viginti
1006 1473 1075 1539 dies
1097 1483 1206 1540 autem
1227 1474 1375 1561 proxime

82 1591 240 1648 venturos
262 1579 368 1645 denuo
392 1579 627 1667 quinquaginta
648 1578 751 1645 millia
772 1600 831 1666 pro
853 1577 1021 1666 Hispanis,
1050 1589 1082 1644 et
1104 1586 1140 1644 ut
1160 1576 1294 1644 mandet
1321 1576 1376 1643 de·

77 1682 303 1775 poniatribus
316 1681 463 1748 ecclesiis
483 1682 550 1749 alia
571 1681 635 1749 duo
656 1682 760 1747 millia
772 1703 953 1766 aureorum,
986 1681 1044 1748 tali
1064 1680 1219 1765 modc,ut
1238 1685 1377 1770 pecunia

80 1789 165 1856 baec
191 1787 341 1854 celeriter
362 1787 644 1875 congregetur‘ad
666 1786 818 1853 alendum
839 1786 996 1876 populum
1017 1786 1120 1874 hujus,
1136 1788 1308 1870 exercitus,
1337 1800 1370 1854 et

79 1900 118 1958 nt
139 1891 228 1958 illico
261 1890 357 1958 cedat
377 1892 412 1957 in
433 1913 548 1957 manus
582 1901 616 1958 et
636 1899 830 1980 potestatem
862 1889 989 1957 adhoc
1022 1890 1196 1957 electarum
1218 1913 1261 1958 ex
1282 1891 1369 1960 dicto

79 1999 229 2068 ex'ercitu
250 2018 462 2086 personarum
476 1996 607 2063 nomine
620 1996 705 2064 Suae
725 1995 905 2063 Caesareae
925 1995 1117 2085 Majestatis,
1130 1995 1249 2065 dictam
1267 2022 1376 2067 arcem

83 2103 117 2171 S.
136 2101 265 2189 Angeli,
279 2123 351 2167 eum
365 2099 513 2167 omnibus
524 2102 633 2185 armis,
640 2102 824 2184 tormentis,
835 2098 1066 2167 munitionibus
1077 2107 1110 2166 et
1119 2104 1266 2187 annonis,
1278 2125 1376 2192 quae·

86 2229 215 2296 cunque
230 2208 265 2272 in
277 2206 334 2271 illa
348 2207 567 2293 reperiuntur3
591 2215 624 2272 et
643 2214 680 2272 ut
689 2204 803 2272 urbem
826 2206 990 2291 antiquam
1003 2203 1126 2294 (Oivita
1135 2205 1293 2296 Veoehia)
1305 2229 1378 2275 cum

85 2320 182 2400 portu
215 2320 248 2378 et
280 2308 430 2377 omnibus
463 2308 536 2376 aliis
567 2309 664 2377 rebus
695 2309 841 2396 bellicis,
870 2309 947 2377 item
984 2309 1143 2389 Parmam,
1174 2311 1376 2398 Placenaam,

85 2415 240 2481 Mutinam
261 2415 409 2483 civitates
430 2418 476 2483 ita
498 2416 679 2484 nominatas
700 2416 858 2481 restituat
880 2415 1010 2501 Tertio;
1033 2425 1069 2481 ut
1096 2416 1246 2483 restituat
1274 2416 1376 2483 cardi·

86 2519 155 2587 nali
176 2520 392 2588 Columnensi
410 2522 601 2612 praehabita
622 2521 740 2604 officia,
763 2519 955 2608 dignitatem
979 2530 1011 2588 et
1031 2520 1204 2608 honorem3
1225 2522 1304 2588 item
1316 2521 1375 2589 do·

87 2627 226 2692 minium
248 2627 478 2714 aparentibus
501 2628 573 2716 ejus
594 2627 754 2704 relictum,
776 2648 839 2715 qno
861 2627 1007 2715 privatus
1029 2626 1099 2692 fuit.
1121 2624 1203 2693 Item
1214 2635 1249 2694 ut
1271 2626 1371 2693 omni·

87 2729 151 2798 bus
174 2730 248 2797 aliis
270 2730 542 2799 Columnensibus
563 2733 723 2815 restituat,
746 2731 863 2820 quibus
886 2754 942 2799 eos
964 2732 1120 2821 privavit.
1219 2780 1223 2788 .

172 2834 311 2923 Quart03
334 2846 370 2903 ut
380 2836 499 2904 liberos
510 2837 652 2904 dimittat
663 2836 908 2920 Columnenses,
931 2845 964 2902 et
983 2858 1096 2903 omnes
1118 2835 1198 2903 alias
1208 2836 1375 2909 caesareas

85 2940 199 3027 copias
222 2961 265 3007 ex
286 2942 410 3029 poenis,
434 2941 656 3010 exactionibus
680 2951 712 3007 et
732 2939 872 3024 tributis,
894 2941 936 3009 in,
959 2961 1043 3028 quae
1072 2941 1264 3027 inciderant,
1298 2940 1376 3008 dum

85 3053 204 3112 contra
225 3045 363 3111 eundern
397 3055 429 3113 et
450 3044 574 3113 Sedem'
591 3045 804 3136 apostolicam
833 3053 1062 3134 processerunt
1083 3054 1117 3111 et
1146 3053 1290 3133 egerunt.
1332 3046 1377 3112 Et

80 3149 145 3216 hoc
180 3150 276 3216 modo
296 3151 386 3239 Papa
409 3173 483 3220 cum
505 3151 586 3218 urbe
615 3150 817 3218 Romanuin
839 3157 1032 3239 potestatem
1070 3151 1210 3218 caesaris
1232 3149 1373 3235 devenit,

84 3275 148 3320 nec
169 3253 289 3321 abinde
311 3253 476 3322 declinare
496 3258 608 3345 potuit.
656 3255 834 3342 Hucusque
856 3254 898 3322 de
918 3253 979 3321 his.
1343 3270 1348 3278 ·

627 3444 773 3533 carun
797 3446 847 3517 19.

85 3624 149 3686 Ubi
170 3624 350 3687 describitur
371 3627 408 3687 de
428 3622 550 3705 reginae
572 3626 680 3687 Annae
701 3627 832 3707 Pragam
854 3627 993 3688 adventu.
1025 3625 1102 3686 Item
1124 3622 1274 3703 quomodo
1302 3632 1374 3699 exu-

82 3712 128 3770 les
150 3730 169 3770 a
189 3732 260 3792 rege
281 3720 451 3774 constanter
468 3715 581 3792 justam
603 3714 807 3792 provisionem
830 3722 860 3776 et
871 3713 1070 3776 defensionem
1089 3710 1255 3791 petiverint,
1281 3728 1375 3790 usque

83 3799 153 3858 dum
177 3820 211 3860 eo
246 3801 423 3880 devenisset,
446 3801 526 3879 quod
561 3801 719 3862 terminum
743 3797 911 3862 audientiae
939 3803 1056 3879 utrique
1088 3799 1166 3878 parti
1199 3797 1372 3877 assignave-

81 3886 132 3961 rit,
156 3893 185 3944 et
205 3888 307 3963 quales
329 3896 401 3947 tunc
422 3883 633 3949 reluctationes
656 3889 775 3951 luerint.
821 3890 958 3950 Tandem
980 3889 1146 3949 concedens
1180 3884 1225 3945 illi
1255 3887 1373 3947 salvum

83 3973 262 4032 conductum
284 3975 421 4034 exulibus
443 3970 565 4036 rescidit
586 3977 804 4038 accusationem
837 3985 868 4036 et
888 3977 928 4035 ad
948 3975 1179 4035 transactionem
1201 3990 1252 4032 eos
1277 3973 1369 4033 remi·

83 4059 133 4132 sit,
155 4068 184 4117 et
206 4061 275 4119 dum
298 4081 332 4121 eo
366 4063 547 4136 devenisset,
570 4063 673 4123 exules
697 4082 753 4124 sua
773 4057 951 4141 gravamina
981 4066 1210 4141 proposuerunt,
1233 4060 1366 4138 Progen-

85 4165 134 4205 ses
164 4165 235 4207 vero
258 4146 326 4207 illos
348 4150 477 4210 ludibrio
503 4151 647 4210 hahentes
676 4150 869 4224 remiserunt,
902 4151 955 4209 sed
993 4149 1025 4208 hi
1047 4148 1142 4207 denuo
1171 4146 1374 4208 accusationes

141 4252 212 4293 suas
235 4236 431 4312 protulerunt,
453 4237 505 4297 ubi
526 4256 580 4297 rex
603 4236 640 4297 de
662 4256 740 4297 novo
762 4236 831 4297 illos
854 4237 893 4296 ad
914 4230 1152 4296 transactionem
1177 4233 1303 4294 remisit.

167 4416 243 4484 Jam
265 4418 370 4486 denuo
405 4442 538 4487 necesse
561 4420 622 4486 erit
641 4420 683 4487 a'd
706 4418 937 4510 praecedenter
961 4421 1138 4507 inceptumv
1156 4419 1374 4486 narrationem

81 4520 199 4605 redire,
216 4523 329 4589 ordine
340 4525 403 4590 mei
416 4524 582 4613 propositi.
603 4523 717 4614 Itaque
728 4524 782 4597 die
796 4523 982 4606 Dominica,
995 4523 1090 4589 tertia
1111 4523 1166 4589 die
1176 4521 1375 4611 postiestum

82 4625 117 4693 S.
140 4626 294 4694 Stanislai
317 4629 383 4717 (10.
403 4629 487 4718 Maj)
511 4630 607 4696 Anna
638 4631 753 4718 regina
774 4628 953 4695 Bohemiae
980 4627 1373 4717 'anuojamdictc1628

79 4730 219 4819 Pragam
241 4731 383 4821 advenit,
408 4755 469 4801 rex
490 4755 570 4803 vero
591 4732 819 4804 Fordinandus
842 4742 920 4803 tunc
941 4732 980 4802 in
998 4753 1077 4801 arce
1094 4733 1265 4819 Pus-genai
1284 4752 1384 4816 prere
