2948 5040
83 160 129 231 28

84 338 204 405 deinde
228 338 261 405 S.
293 337 522 425 Margarethae
555 341 687 406 comitia
708 341 884 407 constituta
904 348 982 408 sunt
1002 362 1024 406 a
1044 363 1122 428 rege
1144 349 1179 407 tn
1200 358 1280 407 aroc
1302 338 1382 406 Ρη

87 445 192 531 gensi,
227 442 270 507 nd
292 464 376 528 quae
398 443 497 529 legati
527 445 611 529 regii
643 446 736 511 missi
764 446 902 530 filerunt,
934 467 1053 533 nempe
1075 443 1256 511 Stanislaus
1278 443 1381 531 Epeo

88 570 189 636 copus
221 547 398 630 Moraviae,
433 557 466 612 et
497 546 647 612 dominus
669 548 822 615 Albertus
855 549 896 614 de
917 550 1112 616 Bonkonicn
1134 548 1302 630 Moravus,
1328 546 1383 615 do·

86 654 193 717 minus
226 651 417 716 duceferens
440 651 628 736 Hungarus,
663 662 696 717 et
717 653 866 718 dominus
896 654 1058 739 Georgius
1079 650 1206 718 Ziablra
1241 660 1383 717 secreto·

90 758 158 822 rius
184 776 256 820 oum
279 757 515 844 plenipotentia
536 764 672 842 propter
703 758 810 841 regies
844 759 1065 839 necessitates,
1087 754 1144 821 ubi
1167 757 1265 821 etiam
1287 772 1383 843 prae·

89 883 165 927 sens
184 861 247 925 fuit
269 860 420 926 dominus
440 860 479 925 N.
504 860 707 926 consiliarius
729 862 818 944 regis
839 861 1003 926 Poloniae.
1037 860 1077 924 In
1097 858 1215 945 quihus
1239 860 1383 925 comitiis

88 965 167 1050 quid
189 972 297 1030 actum
327 964 433 1045 buerit,
458 973 490 1028 et
511 963 625 1048 quales
654 963 855 1049 objectiones
877 966 973 1030 nnius
1006 974 1119 1029 contra
1140 963 1278 1031 alterum
1300 964 1381 1029 satis

84 1070 176 1136 leves
205 1079 238 1134 et
258 1071 372 1134 inanes
396 1069 573 1151 evenerint,
608 1067 649 1131 ds
671 1067 722 1131 his
744 1068 847 1133 multe
868 1067 1041 1134 scribenda
1062 1068 1177 1151 forent,
1200 1065 1284 1133 illud
1309 1074 1380 1133 tan·

84 1182 151 1239 tum
179 1172 309 1255 notabo,
332 1171 419 1257 quod
441 1172 633 1258 praeprimis
656 1170 827 1238 oriebatur.
849 1172 984 1237 Relictis
1006 1194 1125 1260 nempe
1146 1170 1377 1237 communibus

87 1281 181 1364 regni
202 1275 450 1342 necessitatibus
485 1274 631 1360 agendis,
666 1274 784 1341 allatae
806 1276 936 1342 suerum
967 1286 1100 1364 repente
1123 1275 1237 1341 literae
1258 1276 1381 1361 regiae,

88 1383 146 1448 ubi
169 1380 372 1447 mirabilibus
393 1380 545 1445 remediis
569 1379 610 1445 de
631 1380 697 1445 fide
719 1381 885 1467 agebatur,
909 1381 996 1469 quod
1027 1401 1092 1447 non
1115 1378 1220 1445 solum
1242 1398 1379 1444 concer-

86 1485 186 1550 nebat
214 1484 418 1566 Piokhartas,
452 1486 508 1568 qui
541 1484 624 1549 forte
657 1485 691 1548 in
722 1486 860 1551 veritate
882 1485 962 1551 tales
985 1484 1122 1560 fuerant,
1145 1504 1260 1548 verum
1285 1483 1381 1547 etiam

84 1588 169 1671 illos,
203 1591 259 1673 qui
289 1611 331 1654 ex
352 1589 477 1654 malitia
498 1588 701 1673 quorundam
723 1590 794 1654 sine
823 1589 998 1654 sufficienti
1020 1587 1211 1675 probatione
1233 1586 1381 1673 suspecti

86 1702 189 1776 erant,
212 1702 278 1758 tam
300 1693 341 1759 de
364 1700 449 1758 statu
471 1693 641 1777 baronum,
664 1715 761 1778 quam
785 1695 938 1778 equitum,
970 1715 1009 1758 ac
1034 1694 1164 1776 civium,
1187 1691 1382 1778 praesertim

85 1799 212 1884 Progne
239 1799 455 1863 existentium.
478 1798 532 1862 Ad
554 1797 613 1862 has
636 1800 873 1864 controversias
896 1799 1034 1863 daemon
1048 1797 1112 1862 alia
1131 1796 1186 1862 via
1206 1816 1378 1860 accessum

86 1923 153 1967 non
175 1900 300 1984 habuit,
334 1903 398 1966 nisi
421 1901 481 1966 suh
504 1901 577 1966 velo
600 1901 686 1982 fidei,
724 1901 807 1986 quod
833 1902 948 1987 legatis
971 1903 1118 1986 ignotum
1139 1899 1253 1964 fuerat
1295 1898 1381 1985 Age

87 2005 167 2072 bant
188 2008 300 2090 itaque
321 2005 370 2071 illi
392 2013 458 2070 tres
480 2004 580 2090 legati
601 2005 693 2090 regii,
716 2006 750 2070 in
761 2005 910 2071 absentia
925 2005 1048 2071 domini
1062 2004 1189 2070 Artlehi
1205 2011 1286 2068 tuno
1300 2010 1380 2069 tem·

85 2113 174 2200 poris
196 2110 327 2190 infirmi,
350 2111 396 2174 ita
417 2118 454 2174 ut
475 2131 586 2175 omnes
610 2118 711 2174 status
733 2111 768 2174 in
791 2109 925 2175 dissidia
946 2109 1174 2196 perduxerint,
1198 2107 1380 2174 adhaeren-

87 2224 138 2281 tes
161 2215 246 2301 parti
267 2212 451 2278 Piokhartis
475 2214 654 2278 contrariae
669 2212 745 2278 inde
760 2214 823 2279 hoc
837 2234 1012 2300 procurare
1026 2212 1188 2297 volebant,
1211 2221 1248 2278 ut
1262 2234 1376 2281 omnes

92 2320 236 2405 suspecti
257 2316 454 2382 Piokhartae
475 2319 510 2382 vi
533 2339 575 2382 ex
596 2339 696 2403 regno
721 2317 936 2398 eliminentur,
958 2325 1149 2382 revocantes
1172 2338 1207 2383 se
1229 2317 1274 2384 ad
1298 2326 1380 2385 nae·

87 2429 189 2487 tetum
222 2422 257 2484 in
287 2420 340 2485 die
370 2419 403 2485 S.
436 2420 552 2486 Jacobi
585 2429 660 2486 ante
683 2421 848 2487 sexdecim
870 2441 974 2486 annos
995 2421 1185 2487 conclusum
1207 2431 1240 2487 ot
1262 2422 1382 2489 tabulis

87 2527 182 2611 regni
203 2526 373 2607 insertum,
407 2546 542 2608 quorum
564 2525 729 2591 recordari
761 2547 881 2610 magna
908 2536 939 2590 et
972 2524 1082 2591 dolore
1114 2526 1212 2612 plena
1233 2547 1288 2591 res
1312 2534 1383 2610 est;

90 2629 144 2694 hio
167 2629 253 2694 enim
281 2629 352 2715 jam
387 2631 456 2695 ovis
492 2629 567 2716 lupo
602 2628 665 2693 sihi
698 2630 860 2694 insistenti
893 2650 1009 2714 aquam
1043 2629 1206 2694 turbidam
1227 2630 1380 2695 reddidit

90 2731 258 2817 Agebatur
290 2740 358 2796 tum
380 2731 422 2796 de
445 2732 664 2819 compactatis,
695 2731 843 2797 volentes
866 2753 904 2796 ee
927 2731 1045 2814 levare,
1077 2742 1110 2797 et
1130 2755 1189 2820 pro
1212 2733 1379 2798 confirma·
1423 2792 1425 2817 ,

92 2836 179 2900 tione
201 2857 305 2923 papae
338 2835 482 2920 deferre3
516 2837 629 2902 notitia
653 2840 740 2900 enim
762 2844 850 2901 certa
872 2834 1005 2900 obtenta
1028 2834 1098 2919 fuit,
1121 2834 1292 2921 quendam
1308 2858 1374 2902 car·
1423 2904 1425 2909 ,

88 3041 300 3130 expectabat,
344 3051 376 3108 et
417 3043 478 3108 hac
521 3042 562 3107 de
604 3065 640 3107 re
674 3042 758 3107 ultra
802 3065 923 3108 annum
967 3043 1216 3127 sollicitabatur,
1262 3042 1380 3109 abinde

86 3146 198 3212 literas
222 3147 369 3213 mittebat
389 3147 543 3212 Bohemis
582 3146 784 3230 quibusdam,
806 3147 996 3233 praesertim
1019 3146 1250 3232 Pregensibus,
1274 3147 1379 3213 admo
1423 3206 1425 3223 ,

90 3273 173 3318 nens
198 3273 264 3333 eos,
286 3259 324 3316 ut
344 3258 553 3332 revertentes,
577 3249 734 3315 ecclesiae
755 3250 920 3315 Romanae
941 3249 1148 3332 adhaereant,
1159 3249 1247 3334 quod
1268 3259 1304 3317 et
1325 3251 1381 3315 ele·
1423 3256 1425 3297 ÷

87 3355 163 3421 dem
183 3355 241 3420 illa
275 3360 478 3442 compactata
509 3352 701 3417 confirmare
733 3352 821 3435 velit,
855 3352 914 3417 sed
946 3372 1005 3438 pro
1038 3373 1156 3438 magno
1191 3353 1283 3440 prius
1304 3352 1376 3419 dato

87 3457 259 3546 stipendio,
305 3457 391 3542 quod
413 3455 552 3521 Bohemi
573 3476 638 3520 non
660 3455 883 3542 opinabantur.
927 3455 1020 3521 Sicut
1042 3455 1090 3521 illi
1110 3454 1373 3543 pseudochristi

86 3565 151 3645 ani,
174 3565 229 3647 qui
253 3561 361 3627 debite
384 3568 416 3624 et
432 3561 522 3645 juste
543 3560 703 3624 nominari
725 3568 860 3646 possunt
883 3559 1062 3624 Christiani
1083 3559 1232 3639 Romani,
1255 3566 1377 3625 senec

94 3667 153 3731 riis
177 3666 273 3730 dictis
299 3665 368 3728 sine
390 3661 619 3749 probabilitate
640 3663 834 3746 Piokhartis,
859 3664 915 3748 qui
938 3671 1130 3750 apparenter
1141 3684 1177 3728 se
1186 3662 1381 3730 revocabunt

94 3768 136 3835 ad
158 3778 283 3856 partem
305 3766 365 3831 sub
385 3773 521 3849 utraque
543 3769 659 3853 specie,
692 3766 823 3832 interim
856 3766 962 3831 clerus
985 3777 1018 3831 et
1048 3766 1224 3832 saecularis
1245 3766 1380 3854 populus

92 3871 224 3939 foedere
241 3872 349 3960 juncti
370 3869 500 3935 fuerunt
522 3892 594 3935 cum
616 3880 709 3958 parte
730 3871 877 3936 Romana
900 3871 961 3937 sub
983 3892 1048 3936 una
1069 3871 1180 3959 specie
1196 3870 1382 3939 communi·

89 3978 233 4044 cantium
256 3996 330 4040 cum
363 3974 451 4040 clero
474 3984 507 4039 st
526 3975 645 4063 populo
669 3977 873 4059 unanimiter,
906 3984 943 4041 ut
963 3977 1009 4040 ita
1032 3975 1128 4040 simul
1150 3976 1328 4062 conjuncti,
1349 3973 1381 4041 si·

92 4081 185 4146 Deus
207 4101 273 4145 non
295 4080 563 4165 praeservarent,
587 4081 796 4167 compactotis
818 4101 854 4144 se
876 4078 1040 4166 adjuvent,
1064 4086 1177 4145 cenna
1197 4098 1313 4145 omnes
1333 4080 1379 4145 it·

93 4185 198 4252 dictos
218 4183 422 4266 Piokhartas,
456 4191 488 4248 et
520 4183 654 4249 eosdem
677 4186 719 4250 de
739 4206 840 4271 regno
863 4182 1040 4248 Bohemiae
1063 4182 1236 4270 expellant
1264 4180 1380 4267 Itaque

88 4292 124 4354 in
147 4288 211 4355 hoo
232 4288 473 4373 acquieverunt,
496 4300 531 4356 ut
552 4291 712 4378 imprimis
736 4297 937 4377 compactata
961 4298 1106 4375 tempore
1127 4292 1215 4351 certo
1238 4284 1282 4350 ad
1304 4306 1381 4353 oon·

88 4393 303 4459 firmationem
338 4397 548 4481 perveniant;
579 4395 637 4459 sed
667 4393 789 4458 domini
819 4392 945 4458 Morari
983 4414 1057 4457 cum
1093 4389 1243 4457 omnibus
1264 4388 1383 4459 inmte

87 4497 327 4564 marchionatus
361 4499 457 4582 illius,
492 4498 657 4582 quondam
694 4519 766 4562 eum
797 4496 951 4562 Bohemis
988 4497 1030 4562 ad
1064 4496 1146 4562 haee
1178 4498 1384 4580 compactatur

88 4603 257 4689 assumpti,
280 4604 314 4669 in
335 4625 417 4692 pace
441 4613 473 4668 et
496 4601 623 4667 silentio
646 4597 875 4687 persistebant,
898 4599 1046 4665 nolentes
1069 4622 1106 4665 se
1120 4599 1171 4665 his
1186 4600 1385 4679 immiscere,

90 4707 165 4791 quia
189 4717 360 4791 noverunt,
385 4705 474 4794 quod
496 4705 559 4771 sibi
582 4706 721 4772 invicem
745 4703 882 4771 insidias
906 4713 1038 4772 struent.
1062 4704 1108 4769 Hi
1132 4712 1207 4770 sunt
1220 4702 1271 4769 illi
1286 4711 1382 4769 actus
