2948 5040
1320 150 1391 232 ¹203

90 329 179 420 plus,
201 352 267 419 pro.
283 352 320 398 re
335 338 427 398 certa
438 326 522 414 dico,
547 332 633 419 quod
644 318 741 399 totus
756 333 895 400 mundus
908 333 968 400 has
982 331 1115 400 divitias
1134 355 1199 400 non
1214 336 1390 423 possideat,

92 443 132 501 ut
153 434 236 502 hacc
256 435 339 502 mihi
363 435 468 501 solvat
490 444 522 503 et
542 446 742 527 'compenset
763 438 837 504 Non
859 447 910 504 est
930 440 1030 526 igitur
1050 461 1159 505 meum
1169 440 1389 523 infortunium,

91 561 201 627 neque
221 540 324 607 ullum
349 539 513 624 damnum,
537 541 624 630 quod
647 565 689 608 ex
710 541 876 609 voluntate
890 538 1093 630 Dei'passus
1114 542 1240 627 fuerim,
1263 554 1299 610 ut
1321 547 1389 632 qui·

93 643 172 709 dam
193 653 341 711 vestrum
363 647 538 734 opinantur
566 655 599 712 et
629 646 715 712 mihi·
731 648 765 712 in
788 648 850 714 hoc
873 669 982 714 errore
1003 646 1191 733 condolent3
1220 649 1286 714 nisi
1306 649 1391 716 forte

75 748 179 826 lideo,
202 748 289 837 quod
311 772 364 815 me
385 772 445 837 pro
478 772 622 834 erroneo,
651 751 815 824 haeretico
849 763 882 817 et
901 751 1079 818 Pichharta
1104 754 1236 837 geratis,
1267 761 1301 817 et
1335 776 1389 820 me

89 853 190 921 talem
212 876 285 921 esse
301 852 467 942 judicetis,
499 857 577 943 quia
596 856 767 922 veritatem
787 857 853 922 Dei
886 855 1019 922 defendi
1048 864 1081 920 et
1101 855 1270 922 confessus
1301 879 1383 944 sum,

90 957 267 1027 falsitatem
289 958 483 1025 Antichristi
510 959 631 1044 detexi,
664 969 697 1027 et
727 962 823 1048 quasi
848 963 1010 1050 impuram
1045 963 1250 1030 meretricem
1279 965 1388 1053 palam

89 1063 243 1133 omuibus
266 1063 495 1149 demonstravi,
516 1086 557 1132 so
577 1065 757 1153 squallores
780 1066 851 1155 ejus
872 1067 908 1131 in
929 1066 1035 1133 lucem
1055 1068 1185 1154 protuli.
1215 1068 1314 1136 Haec·
1331 1093 1388 1137 ve·

90 1175 161 1241 stre
189 1166 316 1255 judicia
360 1176 392 1233 et
427 1180 572 1236 rumores
610 1169 788 1236 auxiliante
820 1167 1043 1257 omnipotente
1073 1171 1145 1238 Deo
1175 1182 1286 1240 nostro
1321 1197 1391 1241 non

90 1272 202 1355 timeo,
223 1293 287 1339 nec
310 1271 456 1359 horreo;·
479 1275 678 1341 consuetudo
706 1277 793 1340 enim
821 1286 853 1340 et
881 1285 998 1342 natira
1028 1286 1077 1342 est
1106 1279 1250 1344 omnium
1280 1280 1391 1368 Papae

89 1374 243 1455 filiorum
279 1376 376 1462 quod,
417 1378 474 1465 qui
496 1376 620 1455 eisdem
654 1380 824 1446 veritatem
857 1380 981 1468 profert
1012 1388 1083 1446 aut·
1099 1382 1242 1469 protulit,
1278 1403 1389 1449 sorum

89 1479 363 1564 incredulitatem,
397 1482 511 1547 sordes
534 1493 566 1549 et
586 1492 722 1572 peccata
751 1485 897 1572 culpavit
918 1494 951 1550 et
971 1487 1087 1573 arguit,
1120 1487 1390 1576 praebendasque

90 1587 140 1653 eis
162 1586 306 1668 abstulit,
328 1585 504 1673 illequivis
526 1586 614 1674 apud
625 1586 757 1653 eosdem
778 1611 838 1677 pro
860 1589 1023 1656 haeretico
1048 1600 1080 1655 et
1094 1591 1273 1657 Pickharta
1295 1590 1387 1657 habi·

89 1700 143 1763 tus
166 1690 273 1774 fuerit,
297 1690 522 1768 adversitates,
546 1701 749 1780 contemptus
772 1701 804 1758 et
824 1695 1099 1760 incarcerationes
1129 1695 1171 1760 ab
1201 1695 1268 1761 illis
1291 1697 1384 1761 susti·

88 1815 170 1861 nere
191 1793 352 1878 debuerit,
385 1794 564 1861 secumdum
586 1798 807 1862 testimonium
829 1819 942 1863 sacrae
972 1800 1162 1886 scripturae,
1195 1799 1279 1886 legis
1301 1799 1384 1866 divi-

88 1921 169 1984 nae;
191 1899 271 1997 mihi
283 1921 361 1965 vero
383 1899 464 1967 illud
485 1902 658 1968 minimum
672 1924 744 1968 esse
757 1911 903 1991 apparet,
924 1911 960 1968 ut
981 1925 1002 1968 a
1023 1903 1117 1970 vobis
1139 1905 1389 1985 inimicisveri·

88 2004 167 2071 tetis
188 2003 254 2069 Dei
274 2026 334 2092 pro
355 2004 414 2071 tali
434 2008 598 2084 aestimer,
632 2016 665 2072 et
686 2007 759 2074 talis
793 2030 866 2074 esse
882 2008 1022 2097 judicer.
1061 2008 1137 2073 Soio
1167 2011 1264 2091 enim,
1301 2009 1389 2095 quod

89 2130 151 2198 per
172 2108 255 2174 haee
277 2109 358 2174 mihi
380 2133 446 2175 uon
469 2110 638 2196 nocebitis,
666 2122 706 2178 -et
728 2136 788 2180 nec
820 2137 885 2180 uno
919 2113 1036 2200 capillo
1070 2115 1187 2201 capitis
1219 2116 1284 2179 mei
1317 2117 1387 2181 sine

48 2242 52 2251 ·
88 2214 256 2280 voluntate
266 2213 333 2278 Dei
353 2236 407 2280 me
428 2217 612 2303 privabitis,
632 2230 728 2306 prout
750 2221 850 2285 etiam
864 2221 935 2307 jam
957 2220 1003 2284 ita
1025 2219 1146 2284 factum
1173 2228 1232 2301 est,
1257 2219 1386 2306 quando

92 2318 193 2403 longo
220 2327 366 2407 tempore
397 2321 433 2385 in
454 2329 614 2408 potestate
643 2331 676 2388 et
704 2322 858 2389 manibus¹
882 2326 1000 2390 vestris
1037 2323 1093 2407 fui,
1117 2320 1294 2388 secundum
1316 2322 1385 2411 opi·

95 2422 222 2488 nionem
250 2431 403 2508 vestram,
434 2446 596 2512 egovero
619 2428 738 2494 confidi
768 2439 803 2500 et
823 2422 1044 2495 indubitanter
1076 2426 1200 2494 credidi
1231 2448 1284 2491 me
1316 2448 1383 2493 non

92 2529 192 2597 fuisse
212 2531 248 2596 in
270 2531 348 2597 solis
379 2536 498 2601 vestris
519 2535 679 2619 manibus,
701 2533 758 2601 sed
779 2534 814 2600 in
835 2532 985 2600 manibus
1008 2542 1041 2599 et
1068 2540 1228 2621 potestate
1249 2531 1385 2599 Domini

89 2637 190 2724 regis,
213 2647 246 2704 et
269 2637 312 2705 ab
335 2638 484 2706 omnibus
499 2640 646 2706 'saeculis
667 2639 733 2705 Dei
763 2639 1001 2733 omnipotentis,
1035 2638 1090 2726 qui
1125 2658 1177 2702 me
1214 2636 1390 2704 custodivit

90 2750 124 2807 et
143 2744 367 2831 praeservavit
388 2744 430 2811 ab
452 2747 542 2810 omni
561 2745 729 2813 violentia
750 2743 942 2809 Antichristi
964 2765 1023 2831 pro
1055 2740 1222 2808 voluntate
1245 2764 1305 2806 sua
1327 2750 1389 2809 eto.

180 2845 309 2936 Objieis
331 2849 421 2933 mihi,
444 2850 530 2938 quod
552 2853 586 2916 in
610 2850 710 2916 literis
732 2850 825 2932 meis,
854 2871 935 2937 quas
957 2857 1032 2915 ante
1063 2847 1222 2937 quaedam
1245 2858 1391 2936 tempora

89 2952 312 3038 Pragensihus
334 2956 509 3038 transmisi,
541 2956 641 3021 animi
663 2954 891 3021 et'voluntatis
920 2953 1015 3040 hujus
1046 2953 1172 3035 fuerim,
1206 2952 1392 3038 frequenter

90 3078 211 3147 corpus
234 3068 273 3124 et·
288 3061 479 3146 sangninem
502 3059 636 3125 Domini
658 3058 760 3125 nostri
781 3058 863 3124 Jesn
885 3056 1008 3124 Christi
1030 3057 1179 3123 sumendi
1211 3066 1245 3122 et
1264 3078 1317 3121 me
1339 3055 1390 3121 his

89 3163 308 3231 confortandi.
340 3165 518 3232 Sciendum
540 3187 619 3232 vero
640 3164 702 3230 tibi
722 3173 782 3247 est,
812 3163 898 3252 quod
920 3161 1087 3249 hucusque
1119 3161 1295 3250 adjuvante
1317 3161 1390 3226 Deo

90 3266 189 3356 hujus
211 3269 387 3336 voluntatis
410 3260 537 3353 sim,‘et
559 3269 621 3336 hoc
643 3267 717 3336 cibo
739 3291 778 3335 ac
799 3276 878 3357 potu
900 3267 1108 3356 spiritualiter
1123 3289 1165 3333 ex
1186 3265 1254 3334 fide
1268 3265 1390 3334 Christi

91 3356 223 3460 saepius
245 3374 416 3457 confortor,
439 3396 506 3440 non
529 3375 598 3440 sola
619 3374 791 3441 benedicta
813 3374 996 3460 sumptione
1017 3380 1199 3454 contentus,
1229 3379 1285 3436 aut
1307 3373 1390 3436 sicut

90 3498 151 3544 vos
173 3466 266 3544 multi
289 3479 473 3545 sacerdotes
495 3479 554 3545 filii
575 3479 770 3546 Antichristi
802 3480 837 3544 iu
861 3479 929 3545 solo
960 3477 1133 3545 benedicto
1163 3499 1222 3543 esu
1252 3484 1284 3543 et
1311 3484 1390 3563 potu
1448 3460 1452 3477 ’

82 3572 238 3671 'corporis
261 3592 293 3649 et
316 3585 484 3670 sanguinis
507 3582 630 3650 Christi
651 3582 807 3672 populum
839 3583 961 3672 ubique
983 3583 1086 3649 ferme
1116 3582 1269 3647 inducitis
1293 3590 1326 3647 et
1348 3582 1389 3645 si·

92 3688 188 3770 stitis,
211 3697 244 3753 et
264 3690 299 3754 in
322 3687 384 3754 hoo
407 3689 486 3765 solo,
509 3697 543 3754 et
564 3710 607 3754 ex
627 3688 691 3754 hoc
712 3689 781 3755 solo
804 3689 870 3754 illis
883 3691 986 3755 vitam
1009 3699 1174 3755 aeternam
1189 3685 1389 3775 promittitis,

94 3802 128 3857 et
149 3792 236 3880 quod
260 3816 303 3859 ex
324 3793 386 3858 hoc
407 3793 532 3858 fructus
554 3794 702 3881 copiosos
725 3792 901 3875 obtineant,
934 3792 977 3858 ad
999 3793 1082 3859 hacc
1104 3792 1249 3859 invitatis
1271 3811 1384 3857 omnes

91 3898 270 3964 universim
293 3897 417 3984 absque
439 3897 504 3962 fide
526 3906 558 3963 et
579 3882 781 3986 poenitentia
813 3918 852 3963 ao
888 3898 1048 3984 spirituali
1078 3920 1136 3963 esu
1159 3906 1191 3963 et
1219 3904 1295 3983 potu
1319 3914 1388 3959 cor·

90 4002 179 4088 poris
204 4010 236 4067 et
257 4004 425 4089 sanguinis
446 4003 591 4088 Domini,
622 4012 719 4091 atque
741 4025 784 4068 ex
805 4002 867 4067 hao
887 4026 962 4069 mea
982 4025 1065 4091 puro
1085 4000 1258 4067 benedicta
1281 4020 1389 4087 sump-

91 4107 180 4172 tione
203 4107 283 4173 clari
304 4107 428 4172 fructus
444 4107 715 4189 demonstrantur,
738 4107 842 4194 primo
865 4107 899 4172 in
921 4108 1016 4174 vohis
1032 4104 1254 4172 sacerdotibus
1265 4105 1386 4187 multis,

91 4220 124 4276 et
147 4210 247 4278 multo
271 4214 434 4278 communi
455 4212 585 4299 populo,
617 4212 696 4277 dum
717 4212 917 4298 inpeccatis
948 4220 981 4276 et
1009 4211 1178 4299 injustitiis
1199 4230 1388 4298 persevera·

90 4317 142 4398 ris,
166 4317 359 4403 praesertim
382 4316 578 4399 sacerdotes,
611 4317 667 4404 qui
689 4315 834 4404 quotidie
856 4317 990 4381 missam
1012 4315 1190 4398 celebrant,
1212 4316 1389 4381 communi·

90 4430 176 4505 eant,
211 4420 350 4508 ideoque
373 4423 465 4489 multi
495 4445 624 4493 omnem
657 4424 813 4511 populum
835 4422 954 4490 laicum
983 4424 1127 4511 peccatis
1158 4432 1190 4487 et
1221 4425 1388 4510 injustitiis

88 4524 194 4590 foedis
218 4536 380 4615 superant.
424 4527 479 4592 Ex
502 4550 574 4615 quo,
599 4551 729 4616 quasso,
765 4528 846 4594 haec
867 4537 1004 4614 peccata
1041 4537 1073 4593 et
1103 4528 1281 4615 injustitias
1303 4550 1387 4595 com·

87 4629 251 4695 mittitist·
265 4631 328 4697 nisi
351 4654 394 4698 ex
415 4631 577 4720 frequenti
611 4635 815 4723 sumptione;
850 4634 935 4698 siout
966 4632 1085 4718 dicitis,
1116 4631 1202 4719 quod
1225 4631 1389 4702 Christum

86 4733 267 4802 Dominum
287 4736 491 4825 personalem
514 4743 548 4803 et
568 4737 774 4806 essentialem
792 4738 903 4805 Deum
922 4738 1043 4807 vivum
1056 4739 1097 4803 ia
1119 4745 1333 4807 sacramanto
1349 4757 1408 4797 sm-

88 4838 194 4906 matis.
