2948 5040
111 217 116 227 .
146 158 209 229 1⁷4
1151 164 1160 197 ¹

143 333 228 399 sicut
259 332 435 420 scripserat
465 329 607 418 principi
639 337 672 396 et
707 329 839 396 domino
858 329 948 408 Lew,
971 349 1087 396 severe
1107 327 1279 413 mandans,
1300 335 1339 397 nt
1358 329 1432 397 aaa

142 458 261 525 gauses
283 458 340 503 eos
363 437 397 501 ln
418 434 470 500 bis
491 455 558 500 non
579 433 768 522 impediant.
811 434 933 501 Datum
964 441 1002 500 ut
1022 456 1132 527 supra
1174 434 1336 524 Princeps
1357 444 1433 505 vcro

142 544 226 609 sicut
253 538 522 630 praecedentibus
551 540 694 626 acceptis
717 538 832 624 literis,
853 537 1073 627 Pragensibus
1094 538 1206 606 fraena
1238 539 1387 633 laxavit,
1402 551 1436 611 ut

93 654 96 661 '
142 646 266 715 eisdem
287 648 322 712 in
344 669 380 713 re
394 645 484 713 nulla
504 645 600 729 obsit,
633 652 766 733 propter
788 644 950 733 quandam
987 667 1079 734 spem
1110 644 1347 734 adimplendae
1369 648 1436 737 ejas

140 752 322 835 voluntatis,
344 752 545 840 praeteriens
568 754 675 816 omnia
707 751 811 818 oculis
836 751 966 819 clausis
1002 760 1036 818 et
1056 754 1210 823 auribus·
1233 754 1367 825 obtusis
1399 754 1434 823 ad

116 857 213 923 illos
244 854 430 940 firmandos,
453 854 612 923 voluntati
644 856 759 944 ¹regiae
781 879 847 924 non
870 856 1039 943 satisfecit,
1058 861 1106 926 ita
1127 869 1161 927 et
1181 882 1271 928 nunc
1292 861 1435 951 aequali·

140 970 191 1028 ter
225 961 277 1027 his
305 962 449 1048 acceptis
481 960 584 1026 literis
607 983 643 1026 se
672 963 784 1048 gessit,
822 963 875 1029 cui
897 971 930 1028 et
951 961 1101 1031 dominus
1130 965 1210 1032 Lew
1238 976 1436 1052 accesserat,

140 1067 188 1131 ita
218 1064 314 1153 quod,
344 1065 402 1131 ubi
429 1067 528 1153 juxta
561 1064 793 1154 obligationem
823 1090 916 1134 suem
936 1067 1009 1134 loco
1030 1070 1120 1156 regie
1141 1093 1266 1159 pacem,
1289 1092 1434 1139 amorem

140 1178 174 1237 et
195 1168 399 1237 concordiam
431 1191 606 1259 procurare
627 1170 827 1257 debuerunt,
854 1173 937 1239 haec
957 1173 1048 1240 nullo
1069 1172 1166 1241 modo
1189 1176 1330 1263 egerint,
1356 1176 1435 1243 sicut

140 1281 173 1340 et
191 1274 385 1362 Pragenses,
409 1275 464 1363 qui
488 1276 709 1342 communitati
730 1277 765 1344 id
787 1278 956 1344 insinuare
987 1276 1180 1364 debuerunt,
1202 1301 1270 1346 non
1289 1280 1432 1348 insinua·

141 1387 241 1458 runt,
274 1400 337 1446 nec
359 1401 430 1444 eam
453 1388 679 1447 convocarunt
714 1380 781 1448 Sed
801 1382 962 1452 Joannem
985 1383 1190 1473 Geptischka
1212 1382 1255 1450 ds
1278 1383 1434 1453 Bieschin

138 1483 182 1550 ad
203 1505 314 1570 regem
347 1505 421 1550 cum
453 1485 556 1550 literis
577 1486 744 1571 miserunt,
770 1474 836 1576 qui·
852 1489 935 1556 nibil
958 1489 1076 1574 effecit,
1108 1510 1215 1577 neque
1242 1488 1350 1556 ullum
1370 1512 1432 1557 res·

138 1610 276 1677 pensum
301 1590 420 1655 retulit.
464 1590 548 1655 Tum
577 1613 657 1657 vcro
678 1593 870 1659 incarcerati
893 1596 1092 1682 seripserunt
1113 1595 1210 1660 etiam
1231 1595 1317 1681 regi,
1352 1595 1431 1682 regi·

138 1714 201 1759 nae
239 1703 272 1760 et
304 1694 551 1784 archiepiscopo
582 1693 832 1783 Ostregomensi
862 1696 976 1764 eodem
1000 1720 1109 1765 sensu.
1152 1697 1299 1785 Ideoque
1323 1697 1433 1765 ambas

138 1797 197 1864 has
229 1798 341 1865 literas
369 1801 521 1889 princeps
553 1823 628 1868 cum
664 1801 795 1869 domino
817 1803 897 1870 Lew
918 1812 951 1869 et
980 1801 1200 1890 Pragensibus
1232 1804 1432 1869 reticuerunt

139 1903 227 1968 etin
255 1903 393 1970 nibilum
416 1915 654 1972 converterunt.
700 1906 753 1973 Ab
790 1907 852 1973 hoc
880 1915 1029 1997 tompore
1058 1930 1120 1974 rex
1148 1907 1229 1973 nulli
1262 1908 1432 1996 respondit

138 2030 235 2097 super
262 2008 374 2074 literas
402 2011 437 2074 in
469 2009 660 2076 Bohemiam
682 2019 815 2100 propter
848 2012 947 2078 talem
982 2011 1158 2079 voluntatis
1188 2013 1260 2101 ejus
1293 2012 1430 2102 vilipen·

138 2116 271 2182 sionem.
316 2113 465 2181 Tandem
495 2116 614 2180 iterum
637 2114 790 2198 secundo,
824 2115 902 2181 dum
924 2118 1106 2204 Pragenses
1130 2140 1151 2183 a
1170 2115 1429 2202 relegationibus

139 2222 258 2287 civium
281 2242 411 2286 snorum
433 2241 499 2283 non
521 2228 695 2303 cessarent,
718 2220 865 2286 Joannes
888 2221 1022 2287 Hlawsa
1044 2230 1077 2286 et
1098 2221 1254 2307 magister
1268 2221 1427 2288 Wences·

138 2325 210 2392 laus
232 2324 352 2391 Daniel
376 2323 634 2390 sollicitabantur
654 2323 874 2413 apudregem
898 2325 1286 2412 ianngariatemporo
1309 2325 1344 2393 S.
1357 2326 1428 2392 Bar·

136 2430 311 2497 tholomaei
345 2427 492 2516 ejusdem
513 2430 602 2494 'anni
623 2431 751 2517 magnis
774 2429 942 2497 laboribus
964 2438 997 2496 ct
1017 2430 1185 2519 impensis,
1208 2435 1241 2494 et
1263 2429 1310 2495 ad
1335 2432 1429 2497 inter·

102 2609 104 2613 ,
137 2535 320 2600 cessionem
354 2534 516 2599 variorum
531 2546 534 2551 '
549 2533 779 2601 notabiliorum
815 2535 992 2619 hominum,
1029 2535 1224 2623 principum,
1246 2554 1425 2622 procerum,

137 2647 172 2705 et
202 2639 396 2728 praeprimis
429 2640 563 2725 reginae
597 2638 682 2706 Suae
712 2640 903 2729 Majestatis,
936 2642 1152 2727 impetrarunt
1171 2637 1253 2704 alias
1275 2637 1428 2705 literasa

137 2765 215 2831 rege
239 2743 281 2810 ad
303 2745 497 2833 Pragenses,
521 2764 604 2833 quae
626 2744 692 2810 illis
714 2744 853 2812 traditae
874 2745 1005 2812 fuerunt
1026 2743 1114 2810 circa
1135 2751 1263 2831 tempus
1286 2745 1320 2807 S.
1335 2742 1429 2810 Wen·

137 2849 247 2934 coslai,
278 2848 467 2939 etquidem
499 2851 605 2938 primo
627 2873 686 2939 pro
711 2850 854 2935 consule,
893 2859 1008 2918 senatu
1030 2858 1062 2915 et
1078 2845 1266 2914 ‘senioribus
1290 2869 1429 2914 commu·

120 2948 259 3022 'nitatisr
671 3018 676 3027 ,

217 3059 403 3127 Ludovicus
435 3061 501 3127 Dei
534 3065 640 3151 gratia
663 3063 863 3151 Hungariac,
886 3056 1067 3127 Bohemiae
1100 3065 1159 3126 etc.
1182 3078 1252 3142 rex,
1288 3065 1323 3124 et
1348 3078 1428 3124 mar·

135 3163 208 3231 chio
230 3165 398 3234 Moraviae
421 3176 503 3236 etc:
863 3189 866 3198 ·

218 3269 366 3350 Honesti,
390 3270 504 3337 fideles
525 3273 628 3339 nostri
651 3271 772 3339 dilecti.
806 3269 904 3353 Quod
924 3269 1091 3336 concernit
1122 3265 1268 3351 dissidia,
1305 3265 1427 3335 dissen-

135 3374 257 3459 siones,
283 3397 366 3463 quae
389 3377 477 3442 inter
498 3375 565 3442 Vos
589 3399 631 3442 ex
666 3399 748 3461 una,
783 3385 815 3443 et
847 3377 1066 3465 incarceratos
1092 3379 1237 3447 nostros,
1271 3379 1306 3436 ot
1341 3372 1427 3451 alios,

133 3488 226 3568 parte
255 3501 298 3545 ex
331 3479 432 3546 altera
454 3489 634 3566 versantur,
667 3479 823 3548 mandare
846 3479 973 3567 dignati
994 3477 1113 3544 fuimus
1134 3475 1252 3542 illustri
1285 3476 1426 3565 principi

134 3582 262 3668 Oarolo,
287 3593 319 3650 et
352 3583 455 3652 nobili
478 3586 658 3654 ·Zdenkoni
680 3587 760 3653 Lew
783 3594 855 3670 etc,
877 3596 915 3651 ut
935 3587 1022 3651 inter
1043 3607 1101 3652 vos
1124 3583 1183 3650 has
1205 3581 1427 3661 dissensiones

133 3688 220 3755 intra
253 3696 376 3755 certum
409 3692 563 3778 temporis
596 3691 771 3756 terminum
809 3697 1015 3778 componant,
1051 3697 1084 3755 et
1105 3689 1147 3755 ad
1179 3689 1277 3754 finem
1295 3685 1425 3781 perfec

133 3799 204 3859 tum
226 3792 416 3881 perducant,
438 3802 535 3881 prout
549 3795 646 3860 etiam
667 3794 770 3861 Vobis
794 3794 856 3861 hac
878 3793 919 3859 de
940 3816 978 3859 re
1000 3793 1143 3859 seribere
1156 3793 1282 3880 dignati
1293 3791 1423 3858 fuimus

135 3897 219 3964 Cum
240 3921 319 3965 vero
341 3898 423 3965 baec
445 3899 531 3964 facta
553 3921 619 3964 non
642 3900 717 3977 sint,
741 3901 868 3983 scitote,
890 3896 977 3986 quod
998 3896 1106 3963 adhuc
1127 3919 1186 3988 pro
1208 3896 1424 3963 nunchorum

133 4002 342 4069 dissidiorum
385 4004 650 4091 compositionem
683 4003 847 4069 amicabili
884 4003 1101 4068 transactioni
1132 4001 1357 4088 relinquamus
1393 4006 1423 4065 et

131 4107 307 4192 tradamus,
341 4109 386 4175 ita
421 4108 562 4196 quidem,
586 4118 619 4174 ct
640 4108 703 4176 hoc
735 4107 841 4192 modo,
865 4109 949 4173 sicut
969 4108 1004 4173 in
1026 4106 1129 4173 literis
1151 4105 1341 4194 patentibus
1363 4103 1422 4171 sub

133 4213 241 4299 sigillo
274 4222 383 4279 nostro
416 4212 510 4279 vobis
541 4222 574 4279 et
604 4215 663 4280 toti
703 4213 925 4280 communitati
960 4212 1161 4278 transmissis·
1204 4212 1420 4277 continentur.

132 4317 221 4400 Quas
244 4318 355 4384 literas
378 4321 448 4384 sine
470 4321 625 4407 temporis
640 4319 811 4386 intervallo
834 4319 894 4385 toti
916 4317 1138 4383 communitati
1158 4313 1250 4383 urbis
1277 4315 1418 4404 Pragen-

130 4423 175 4488 sis
198 4423 324 4511 perlegi
342 4431 375 4488 et
394 4421 555 4510 publicari
576 4423 782 4508 mandabitis,
806 4422 902 4489 simul
922 4423 978 4507 ita,
1001 4421 1085 4487 sieut
1105 4421 1218 4487 literae
1240 4421 1275 4486 in
1295 4443 1333 4488 se
1346 4444 1417 4489 con·

129 4527 233 4594 tinent
263 4535 295 4592 et
329 4526 526 4593 concludunt
542 4529 639 4617 juxta
664 4529 852 4597 mandatum
889 4535 922 4592 et
943 4525 1151 4593 Voluntatem
1184 4524 1339 4591 Nostram
1360 4546 1417 4594 vos

129 4654 242 4699 omnes
274 4631 405 4719 geretis,
428 4630 522 4698 aliter
542 4654 749 4724 nequaquam
780 4633 946 4701 facientes.
990 4628 1036 4696 Et
1056 4627 1144 4718 quod
1164 4629 1248 4696 alios
1269 4629 1415 4698 subditos

120 4743 255 4805 nosnos
293 4736 383 4807 cives
403 4733 588 4829 Pragensss
611 4740 747 4829 attinet,
779 4738 899 4832 quibus
931 4760 975 4811 ex
995 4739 1130 4811 civitate
1164 4736 1313 4809 exire'et
1327 4737 1417 4811 -bons
