2948 5040
600 364 753 467 ιιιιιι
772 390 825 459 aa

55 588 124 653 Ubi
147 597 296 663 narratur,
310 590 398 667 quod
419 607 475 648 rex
495 581 701 666 Pragensibus
723 594 860 651 senatum
882 588 1075 652 renovaverit
1089 598 1117 649 ιι
1133 590 1271 649 unionem
1285 589 1362 651 eivi-

54 685 154 736 tatum
177 675 321 749 diviserit,
342 675 439 755 primo
457 675 490 734 in
507 675 655 752 Antiqua,
679 662 800 736 tandem
822 676 912 737 Nova
946 676 1068 737 civitate
1090 686 1229 737 senatum
1251 676 1364 736 consti·

60 762 164 832 tuerit,
198 771 228 822 et
248 763 397 839 quomodo
419 762 499 822 Neo·
486 762 671 841 Pragenses
705 782 744 821 ex
764 764 821 823 hoc
854 764 954 841 gavisi
972 764 1092 837 fuerint,
1070 772 1155 822 ιιι
1189 764 1359 822 exultantes

59 849 266 909 cantaverint.
297 850 360 910 Pro
392 850 483 927 signo
514 849 647 908 laetitiae
680 849 743 909 dies
765 851 852 910 nobis
875 859 941 910 orta
959 860 1019 912 ιιι.
1063 853 1164 925 Item3
1185 850 1232 910 Τι
1259 851 1359 910 Deum

482 936 638 996 laudamus
662 943 726 996 ιιι·
747 937 942 1000 decantarint.

146 1086 220 1153 Rex
242 1094 359 1172 autem,
372 1076 419 1153 ἰιι
434 1088 544 1177 justus
567 1087 729 1170 dominns,
764 1088 898 1172 interea,
922 1111 1006 1178 quae
1045 1096 1119 1154 aeta
1151 1095 1226 1153 sunt
1247 1109 1268 1153 a
1289 1088 1365 1154 Pra-

56 1189 219 1280 gensibus
257 1212 332 1257 cum
366 1192 563 1259 consiliariis
599 1194 666 1259 suis
690 1214 905 1280 cognoscens,
944 1193 1031 1281 quod
1051 1199 1195 1261 rectores
1219 1191 1363 1257 civitatis

56 1295 159 1385 hujus
182 1296 214 1362 ei
235 1294 465 1384 aequilibrium
482 1298 610 1385 justum
632 1320 765 1365 servare
787 1319 854 1363 non
876 1299 1013 1383 possint,
1044 1295 1195 1385 quodque
1225 1319 1300 1361 eum
1324 1317 1366 1361 ex

56 1406 153 1487 parte
175 1398 278 1464 variis
301 1397 438 1464 saltibus
462 1399 672 1482 circumeant,
694 1404 875 1485 praeterea,
904 1399 992 1486 quod
1014 1422 1077 1466 nec
1099 1419 1142 1465 ex
1163 1400 1225 1466 hac
1247 1400 1368 1465 unione

56 1502 273 1590 Pragensi
243 1525 274 1568 ιι
298 1495 448 1568 solatium
469 1503 655 1591 provenire,
677 1524 785 1591 neque
807 1501 955 1568 bonum
952 1526 1123 1570 commune
1155 1510 1366 1591 augmentum

58 1629 191 1673 sumere
226 1607 331 1696 possit
358 1615 493 1697 propter
521 1607 657 1673 nimiam
689 1604 876 1694 superbiam
910 1629 950 1672 aa
972 1596 1220 1693 contumaciam,
1244 1608 1307 1672 ιι
1297 1629 1366 1673 mo-

63 1710 267 1777 bedientiam
290 1732 412 1796 eorum,
436 1711 588 1799 equidem
612 1711 695 1777 sieut
718 1722 864 1799 tempore
886 1712 974 1799 regis
996 1711 1157 1777 Ludovici
1179 1702 1287 1776 affinis
1301 1712 1362 1794 sui,

61 1816 183 1903 igitur
192 1816 370 1904 proposuit,
403 1814 446 1881 ad
475 1816 666 1904 petitionem
698 1814 838 1893 illorum,
862 1823 1010 1880 senatum
1046 1835 1215 1897 renovare,
1250 1813 1340 1879 sed
1330 1837 1366 1880 m

60 1928 199 2007 unaque
236 1919 369 1987 civitate
403 1919 597 2009 specialiter,
630 1920 749 2009 nempe
782 1921 817 1986 in
837 1918 1013 2008 Antiqua
1015 1927 1048 1984 et
1068 1918 1172 2001 Nova,
1193 1920 1240 1981 ita
1261 1925 1297 1982 ιιι
1318 1917 1367 1982 ιιι

60 2024 149 2102 banc
170 2022 338 2110 unionem,
360 2025 395 2090 in
419 2046 516 2114 quam
538 2024 636 2092 valde
660 2022 880 2110 confidebant,
900 2025 1017 2089 iterum
1042 2021 1198 2106 dividat,
1155 2019 1368 2087 immodum

56 2125 311 2217 praecedentem
336 2129 400 2194 ιι
385 2152 442 2218 Jus
467 2129 645 2199 diversum.
667 2129 752 2196 Nam
764 2128 889 2217 absque
911 2125 1010 2193 dubio
1033 2108 1115 2193 illud
1137 2125 1260 2191 dictum
1275 2123 1366 2189 Aris·

57 2231 173 2297 totalis
194 2231 314 2298 sibim
335 2233 527 2338 memoriam
547 2235 690 2319 reduxit,
715 2233 802 2322 quod
824 2233 964 2299 societas
986 2233 1079 2331 unita
1112 2230 1227 2296 fortior
1256 2239 1289 2294 ιι
1310 2251 1366 2318 po·

59 2334 185 2400 tensior
203 2358 275 2403 esse
298 2337 412 2422 soleat,
434 2330 532 2427 quam
556 2337 669 2415 divisa.
701 2339 846 2427 Ideoque
870 2361 913 2404 ex
935 2359 1011 2403 arce
1033 2322 1107 2404 cum
1128 2355 1249 2421 magna
1271 2334 1367 2435 copia

62 2437 290 2507 notabiliorum
321 2441 503 2509 aulicorum
532 2465 665 2509 suorum
697 2441 879 2522 descendit,
913 2441 967 2507 die
988 2440 1143 2507 Mercurii
1181 2447 1257 2527 post
1279 2432 1367 2505 diem

60 2544 241 2611 nativitatis
262 2545 380 2612 beatae
402 2546 551 2636 Virginis
572 2547 698 2615 Mariae
720 2547 765 2636 (9.
778 2546 880 2636 Sept)
897 2547 1044 2638 ejusdem
1061 2569 1139 2613 anm
1128 2544 1272 2612 '‘1528
1260 2565 1297 2609 m
1311 2566 1367 2610 cu·

55 2649 143 2714 riam
163 2646 329 2740 Antiquae
350 2626 509 2755 urbiat
475 2661 509 2719 et
524 2653 710 2739 juramento
733 2648 910 2720 obstrinxit
897 2661 991 2743 tper
1012 2652 1180 2727 dominum
1201 2647 1366 2719 Adamum

54 2753 100 2820 de
124 2753 257 2822 Hradea
279 2746 465 2846 supremum
488 2677 719 2826 salicellarium
736 2759 830 2847 regni
851 2757 1040 2842 Bohemiae,
1063 2779 1221 2847 personas
1244 2758 1366 2824 electas

56 2869 92 2927 et
113 2861 187 2948 pias
204 2863 302 2950 juxta
323 2865 523 2950 agnitionem
544 2864 683 2931 aliorum
704 2864 881 2947 bominum,
905 2862 962 2929 ubi
985 2862 1026 2928 de
1060 2871 1175 2929 senatu
1210 2863 1310 2952 priori
1332 2864 1367 2928 in

58 2964 170 3032 officio
192 2974 259 3032 non
281 2977 542 3059 permanserunt,
564 2969 630 3034 nisi
651 2977 718 3034 tres
739 2989 917 3056 personae3
939 2988 1058 3055 nempe
1079 2966 1224 3034 Jacobus
1239 2966 1364 3052 Fukar,

58 3068 224 3157 Georgius
245 3070 381 3137 Jerisek
396 3081 430 3139 et
442 3073 588 3139 Joannes
609 3071 724 3138 Konel.
747 3070 862 3138 Noluit
882 3078 991 3136 autem
1014 3091 1050 3134 se
1072 3069 1365 3160 hucusquecontra

57 3173 233 3263 quendam,
255 3175 437 3262 rigorosum
474 3176 641 3244 vindicem
663 3175 830 3261 exhibere,
854 3182 1048 3265 potestatem
1070 3172 1196 3240 habens
1218 3174 1253 3240 id
1270 3176 1361 3264 juste

59 3278 193 3366 agendi,
224 3281 328 3367 magis
362 3279 545 3370 prudentia,
578 3288 677 3367 quarn
713 3301 829 3347 severo
852 3279 953 3344 animi
975 3287 1065 3345 motu
1088 3301 1123 3344 se
1154 3277 1307 3367 dirigens,
1330 3290 1367 3348 ιιι

62 3384 174 3472 potius
197 3384 268 3473 ejus
303 3387 442 3473 gratiam
476 3387 612 3473 regiam,
635 3407 731 3473 quarn
768 3387 975 3452 severitatem
1009 3382 1120 3451 omnes
1155 3386 1296 3450 sentiant
1333 3396 1365 3450 ιι

60 3489 238 3554 aestiment
258 3490 329 3555 sine
351 3488 465 3574 abusu,
487 3491 586 3556 istum
608 3491 705 3554 etiam
727 3497 764 3555 ιιι
777 3488 896 3555 talibus
919 3487 1055 3554 occultis
1063 3482 1156 3554 'falsis
1179 3488 1258 3555 fidei
1269 3511 1364 3554 sanc-

61 3602 116 3659 tae
139 3592 222 3658 fucis
259 3594 399 3684 amplius
421 3617 488 3661 non
524 3594 740 3661 demulceant.
784 3592 925 3660 Perinde
958 3593 1059 3680 igitur
1080 3578 1182 3683 aliqui
1203 3591 1364 3661 dracones

63 3704 215 3787 potentes
237 3707 371 3787 propter
393 3697 580 3787 superbiam
604 3719 715 3764 eorum
736 3695 861 3763 detrusi
883 3706 916 3762 ιι
937 3698 1058 3786 dejecti
1078 3700 1218 3781 fuerunt,
1249 3706 1286 3763 ιιι
1306 3722 1361 3786 ag·

62 3810 202 3868 noscant
230 3825 265 3868 se
297 3802 420 3869 habere
452 3826 564 3890 regem
592 3802 759 3869 dominum
788 3824 883 3868 suum
916 3810 958 3886 et,
981 3804 1163 3894 quodplus
1196 3812 1245 3868 est
1267 3828 1366 3895 supra

63 3928 100 3971 se
137 3905 268 3971 Patrem
289 3906 464 3973 coelestem
500 3908 726 3995 potentiorem,
750 3928 847 3994 quam
868 3907 933 3994 ipsi
956 3911 1027 3978 sint.
1071 3909 1165 3975 Hae'o
1186 3912 1365 3977 terminans

62 4013 98 4077 in
133 4009 213 4076 urbe
247 4010 407 4100 Antiqua,
429 4012 577 4099 perrexit
608 4012 643 4076 in
676 4012 841 4077 civitatem
861 4011 1000 4096 Novam,
1023 4013 1058 4078 in
1080 4013 1216 4080 alteram
1245 4030 1364 4106 'nempe

64 4115 206 4201 curiam,
241 4117 333 4205 cujus
365 4117 506 4182 civitatis
539 4117 628 4182 cives
660 4114 797 4181 honeste
826 4114 876 4181 illi
905 4115 1036 4183 obviam
1069 4130 1299 4207 processerunt
1329 4123 1363 4187 in

63 4221 207 4309 plateam
242 4222 277 4285 in
313 4242 432 4307 magno
469 4234 608 4287 numero¹
641 4242 715 4285 eum
747 4219 878 4286 vexillis
914 4218 1171 4290 beneventantes
1202 4225 1304 4311 illum,
1331 4235 1364 4292 et

65 4324 216 4391 cantibus
238 4325 347 4391 Deum
370 4325 550 4409 laudantes,
570 4326 626 4414 qui
637 4347 750 4412 regem
773 4332 806 4390 ιι
827 4325 994 4391 dominum
1017 4326 1114 4393 talem
1135 4329 1278 4414 miserat,
1307 4332 1364 4419 qui

64 4429 142 4496 illos
166 4429 207 4495 de
229 4430 281 4496 bis
304 4429 394 4495 duris
417 4438 449 4494 ιι
470 4429 607 4495 fortibus
630 4428 791 4516 capitibus
813 4430 1176 4518 Vetere-Pragensibus,
1199 4436 1362 4501 variorum

64 4534 225 4600 malorum
259 4533 449 4601 authoribus
487 4535 618 4624 eripiat3
642 4533 782 4599 fatentes
821 4542 854 4598 ιι
875 4534 964 4600 clara
986 4558 1069 4602 voce
1091 4561 1204 4606 omnes
1226 4541 1361 4626 promit-

65 4649 184 4724 tentes,
208 4638 295 4729 quod
328 4638 459 4706 anullo
481 4638 545 4706 alio
568 4639 700 4706 homine
721 4639 792 4726 regi
825 4639 939 4727 velint,
973 4643 1039 4708 nisi
1061 4666 1081 4709 a
1103 4643 1169 4710 Sua
1189 4642 1362 4732 Majestate

65 4747 180 4835 Regia.
223 4735 372 4814 Tandem
406 4742 528 4816 ibidem
561 4745 629 4835 egit
649 4752 683 4812 et
715 4746 900 4836 juramento
933 4744 1128 4833 obstrinxit,
1158 4742 1263 4833 ataine
1280 4767 1382 4809 sena-
