2948 5040
534 336 537 341 ·
632 286 898 367 ¹·0APU'P83.

284 428 352 504 Quo
372 444 548 509 responsum
570 433 675 488 contra
696 426 867 505 Pregensea
889 423 1142 492 incarceratorum
1163 427 1276 490 finum.
1351 470 1355 477 -

98 656 100 661 .
140 664 143 669 -
226 614 327 698 Item3
348 613 481 679 missam
495 612 670 696 concernit,
693 632 789 700 quam
805 611 1002 681 Saracenam
1024 624 1057 681 et
1071 615 1244 683 Suevicam
1254 615 1433 704 appellant,

142 719 227 785 haec
248 717 309 784 sub
331 714 464 784 consule
501 725 534 782 et
554 717 694 804 primate
714 716 870 803 magistro
892 719 1018 786 Passek
1034 720 1105 808 jam
1134 720 1249 804 fuerat,
1286 742 1348 787 cur
1376 719 1434 785 ille

118 845 121 850 ·
142 845 208 889 non
221 820 441 889 contradixit?
462 819 676 888 videbaturne
689 820 738 887 illi
759 822 822 888 hoc
834 842 906 888 esse
918 831 1030 891 cenna
1052 846 1178 891 sacram
1199 824 1309 908 fidam,
1331 824 1433 891 admi·

141 929 295 993 nistrator
316 925 430 994 Gallus
452 925 568 992 eodem
589 926 686 993 modo
708 927 946 995 administravit
967 929 1002 995 in
1023 929 1119 995 domo
1142 946 1202 996 sua
1214 930 1338 997 Jcanni
1351 930 1433 996 Nas-

141 1040 242 1120 togta,
272 1040 305 1098 et
322 1031 361 1097 -id
383 1031 489 1098 eidem
510 1032 721 1116 admiserunt,
742 1056 890 1122 quorum
912 1056 971 1100 nos
992 1057 1055 1101 nec
1075 1036 1191 1112 unius„
1215 1052 1278 1100 nec
1298 1033 1433 1101 alterim

115 1177 117 1182 ·
142 1139 233 1224 origo
256 1146 289 1204 et
303 1158 403 1222 caum
423 1135 551 1204 fuimus.
574 1136 628 1203 Illi
649 1146 757 1203 autem
780 1139 966 1206 sacerdotes
989 1140 1111 1206 cosbic
1132 1146 1323 1231 praesentes
1346 1161 1366 1204 e
1389 1138 1432 1204 ci·

141 1243 241 1309 vitate
263 1240 464 1324 dimiserunt,
502 1251 534 1305 et
555 1241 632 1307 dum
655 1240 709 1308 hio
731 1243 765 1309 in
787 1236 869 1311 urbe
891 1244 1036 1328 fuissent,
1068 1247 1162 1310 inre
1187 1243 1432 1311 nnllaeos'dem

141 1345 353 1434 culpaverunt
374 1344 428 1412 vel
448 1347 656 1432 puniverunt,
678 1369 739 1414 nos
762 1370 839 1436 ergo
861 1351 897 1413 in
918 1348 1041 1415 hisrei
1063 1370 1128 1416 non
1143 1362 1273 1415 ‘sumus
1321 1360 1326 1367 '

142 1486 146 1493 ·
226 1450 326 1535 Item3
349 1449 438 1538 quod
459 1448 624 1523 Kalenecn
646 1453 769 1536 attinet,
805 1452 861 1517 ille
882 1455 917 1518 in
951 1452 1032 1519 urbe
1065 1454 1223 1538 Pragensi
1258 1473 1326 1518 nun
1362 1453 1435 1535 fuit,-

140 1578 246 1645 ncque
268 1557 432 1638 scivimus,
454 1552 639 1642 anuliquod
661 1556 779 1622 malum
803 1567 837 1622 et
856 1557 1082 1625 christianitati
1104 1559 1300 1625 contrarium
1325 1564 1431 1623 actum

142 1662 253 1748 egerit,
287 1660 392 1727 donec
415 1682 458 1726 ex
480 1660 607 1749 Oujezd
630 1660 754 1748 aliquot
775 1663 964 1750 septimanis
985 1671 1060 1751 post
1080 1671 1223 1727 nostram
1245 1663 1432 1727 incarcera-

141 1768 262 1833 tionem
284 1767 383 1833 etiam
404 1768 625 1833 incarceratus
647 1766 771 1850 inisset,
808 1767 940 1834 tandm
969 1769 1206 1835 incarceratum
1229 1787 1304 1831 esse
1327 1767 1425 1832 resci-

141 1873 258 1956 vimus,
279 1872 372 1959 prius
394 1871 477 1937 nihil
498 1872 650 1940 scientes.

225 1975 327 2062 Item,
366 1975 453 2064 quod
486 1976 682 2041 monachum
719 1974 919 2041 sacerdotem
957 1975 1151 2042 Michatlem
1184 1975 1310 2059 attinet,
1346 1976 1432 2064 quod

140 2104 257 2170 nempe
280 2081 570 2170 susceptusfuerit
592 2081 634 2146 ad
657 2080 814 2146 ecclesias
852 2090 1037 2147 sanctorum
1070 2080 1212 2146 Simonis
1246 2088 1279 2146 et
1311 2080 1428 2164 Judae,

141 2197 174 2254 et
195 2197 327 2254 unaue
339 2189 454 2270 crucis,
478 2185 559 2253 illud
580 2186 701 2254 factum
723 2186 784 2253 fuit
805 2194 951 2275 tempore
962 2187 1111 2275 primatis
1133 2186 1281 2273 magistri
1292 2185 1430 2256 Passeln

116 2342 119 2347 ,
140 2293 236 2360 nobis
258 2291 300 2358 de
322 2292 385 2359 hoc
406 2292 530 2360 inseiis.
937 2314 941 2321 ·

226 2397 327 2482 Item;
362 2397 581 2464 testimonium
613 2396 884 2463 administratoris
906 2404 974 2463 est
995 2396 1213 2483 excogitatum
1244 2403 1277 2460 et
1305 2395 1427 2478 fictum,

141 2512 174 2567 et
190 2503 280 2591 juste
301 2501 423 2589 suscipi
444 2524 512 2570 non
533 2510 649 2590 potest,
687 2502 744 2567 ille
781 2503 868 2567 enini
899 2523 972 2568 cum
1007 2501 1147 2589 quodam
1176 2500 1264 2565 clero
1288 2523 1360 2586 auo,
1396 2508 1430 2566 ut

139 2606 256 2673 author
276 2606 354 2673 mali
374 2608 479 2673 nostri
513 2606 608 2673 nobis
643 2606 889 2691 adversabatur,
923 2629 963 2673 ac
985 2608 1125 2695 ipsemet
1146 2627 1206 2693 per
1234 2606 1428 2693 praedicati·

88 2755 91 2763 ·
140 2734 219 2778 ones
242 2733 317 2778 suas
340 2711 422 2778 haec
455 2711 575 2793 docuit,
609 2710 726 2799 quibus
748 2734 835 2778 nunc
871 2712 1065 2778 contradicit
1104 2719 1201 2799 prout
1221 2734 1265 2778 ex
1287 2732 1428 2800 sequen·

139 2816 227 2883 tibus
248 2816 381 2906 patebit
419 2816 481 2882 Ille
516 2815 604 2882 enim
627 2815 742 2884 Gallus
764 2819 808 2882 in·
821 2817 1033 2883 concionibus
1055 2840 1115 2882 nos
1137 2817 1332 2883 nominatim
1355 2839 1425 2905 pro·

140 2921 272 3005 ducens,
304 2922 460 3010 populum
483 2929 596 2986 contra
617 2942 678 2986 nos
700 2921 884 3004 concitavit,
915 2920 1054 2988 dissidia
1076 2931 1190 2988 contra
1221 2943 1282 2986 nos
1313 2931 1428 2991 -excrta

141 3025 347 3109 collaudavit,
368 3024 523 3113 populum
545 3025 580 3089 iu
603 3024 658 3089 his'
674 3024 818 3110 firmans,
842 3024 982 3092 subinde
1003 3026 1058 3093 vel
1080 3029 1174 3092 morti
1198 3025 1252 3094 vel
1273 3035 1424 3108 torturae,

115 3172 118 3179 ·
139 3141 196 3197 aut
216 3153 260 3197 ex
279 3130 362 3196 urbe
383 3129 569 3216 expulsioni
590 3127 799 3219 adjudicavit,
824 3131 910 3219 quod
933 3141 1045 3219 aperte
1067 3130 1288 3217 demonstrari
1306 3138 1425 3218 potest,

141 3236 228 3325 qnod
239 3236 382 3324 illepars
404 3242 515 3300 nostra
536 3236 699 3302 contraria
720 3238 771 3319 sit,
785 3245 818 3301 et
832 3228 962 3324 semper
973 3237 1113 3303 crudelis
1126 3246 1238 3302 contra
1249 3258 1311 3301 nos
1323 3235 1430 3302 fuerit.

139 3342 209 3408 Imo
232 3361 420 3408 asseverare
441 3362 622 3427 possumus,
646 3339 732 3428 qnod
755 3363 966 3429 quaecunque
988 3352 1101 3408 contra
1122 3365 1181 3408 nos
1195 3341 1323 3409 locutus
1334 3340 1432 3406 fuerit

142 3456 197 3513 aut
217 3445 465 3535 praedicaverit,
487 3448 596 3511 omnia
617 3445 700 3512 falsa
733 3454 765 3512 et
786 3448 943 3532 injuriosa
965 3448 1039 3531 sint,
1064 3455 1096 3512 et
1117 3447 1205 3512 nullo
1228 3444 1428 3534 modojuste

143 3542 226 3618 ba'ec
259 3550 483 3616 demonstrare
515 3552 637 3640 possit3
669 3549 819 3639 publicus
852 3553 939 3617 enim
972 3559 1083 3617 noster
1116 3552 1266 3616 inimicus
1298 3549 1363 3615 fuit
1395 3557 1427 3616 et

141 3655 348 3743 quidcunque
369 3656 404 3720 in
424 3656 609 3720 testimonio
632 3677 690 3720 suo
711 3654 843 3743 profert,
859 3655 949 3722 illud
964 3665 1000 3721 ut
1020 3657 1170 3721 inimicus
1186 3662 1370 3738 attestatur,
1393 3662 1425 3720 et

139 3781 350 3849 quaecunque
371 3771 483 3826 conus
503 3781 659 3848 personas
681 3759 781 3825 laicas
797 3760 958 3827 sivealias
980 3761 1111 3848 profert,
1133 3760 1175 3826 ad
1187 3760 1300 3825 baeca
1318 3759 1427 3839 nobis,

139 3866 196 3952 qui
216 3886 305 3930 nunc
327 3865 428 3931 auditi
450 3866 579 3950 fuimus,
603 3874 740 3952 atquae
762 3887 822 3932 nos
845 3876 1054 3951 concernunt,
1076 3887 1268 3953 responsum
1281 3863 1422 3940 dabitur,

141 3969 289 4056 exceptis
310 3968 372 4054 his,
397 3971 452 4058 qui
475 3969 582 4036 adhuc
603 3971 637 4037 in
661 3995 792 4040 carcere
814 3973 1012 4040 detinentur.

228 4072 323 4154 Quod
346 4083 454 4141 antem
475 4076 609 4160 clerum,
643 4079 700 4164 qni
731 4100 774 4144 ex
794 4078 875 4145 urbe
897 4078 1048 4162 decessit,
1085 4087 1118 4144 et
1150 4078 1220 4165 ejus
1253 4077 1428 4142 conciones

144 4180 321 4264 concernit,
351 4180 504 4248 audiebat
524 4180 777 4266 administrator,
808 4190 841 4248 et
873 4205 1070 4270 cognoscere
1092 4191 1227 4271 poterat,
1264 4181 1308 4247 ad
1343 4200 1425 4269 qnae

140 4279 372 4353 inclinaverint
405 4296 437 4353 et
469 4310 505 4353 ae
528 4291 746 4376 exposuerint,
769 4311 897 4377 nempe,
932 4290 1019 4378 quod
1043 4291 1152 4378 quivis
1186 4286 1320 4375 publice
1356 4287 1425 4353 illos

139 4389 252 4458 audire
272 4394 423 4478 potuerit,
457 4415 516 4459 cur
543 4392 617 4458 illos
646 4401 723 4459 tnnc
745 4414 810 4459 non
833 4393 986 4482 culpavit,
1020 4403 1195 4482 antequam
1216 4389 1426 4458 abluissent?

141 4495 313 4591 Cujusnos
334 4518 500 4585 nunquam
522 4519 629 4580 causa,
645 4520 707 4563 nec
728 4497 914 4564 defensores
936 4499 1065 4581 fuimus,
1089 4497 1175 4584 quod
1191 4506 1306 4563 contra
1317 4496 1425 4562 Deum

139 4600 263 4686 fuisset,
299 4611 461 4667 ettamen
483 4602 578 4668 nobis
600 4601 681 4668 illud
703 4603 902 4689 adscribunt,
936 4604 993 4670 ubi
1017 4603 1098 4670 tales
1120 4613 1233 4691 turpes
1257 4600 1424 4667 sermones

137 4729 305 4795 nunquam
327 4706 517 4775 audivimus.
551 4707 679 4774 Ritibus
702 4707 887 4776 christianis
922 4732 981 4776 nos
1003 4730 1168 4797 nunquam
1202 4707 1424 4798 opposuimus,
