2948 5040
68 348 245 432 utrumque
267 342 411 411 officium
434 344 623 417 attribuerit
644 348 908 420 dominoloanni
929 349 1073 420 Hlawsa.
1116 352 1170 422 De
1191 354 1254 424 hoc
1268 360 1369 449 scrip·

77 456 145 513 tum
166 455 217 514 est
237 448 272 515 in
293 453 398 539 primo
421 450 516 539 libro,
537 476 609 543 cap.
632 456 663 520 2.

155 552 186 618 2.
230 551 341 622 Oansa
361 556 522 624 secunda:
565 557 644 624 dum
664 580 725 626 rex
747 583 790 628 ex
811 559 973 628 Bohemia
986 564 1192 648 excessisset,
1216 564 1363 635 subcon-

70 657 180 722 sulatn
201 656 325 725 domini
346 660 486 729 Joannis
507 661 650 748 Hlawee,
671 686 732 752 per
754 665 897 731 edictum
918 665 1026 751 Praga
1048 665 1176 734 dimissi
1197 677 1273 735 sunt
1293 672 1362 758 qui·

68 759 148 826 dam
169 762 312 852 parochi.
335 764 409 831 Hac
430 766 472 833 de
492 789 530 835 re
552 769 709 856 scriptum
732 778 781 835 est
802 771 838 835 in
860 769 976 836 eodem
998 768 1092 849 libro,
1116 794 1187 859 cap.
1208 774 1239 840 3.

157 866 188 933 3.
234 862 345 935 Causa
364 871 478 937 tertia:
500 870 543 939 ob
566 882 771 957 conventum,
794 875 829 939 in
840 873 923 939 festo
942 874 1192 958 Purificationis,
1217 876 1361 943 omnium

66 970 168 1035 trium
183 979 325 1040 statuum
336 972 398 1041 snb
412 982 550 1064 utraque
565 978 675 1064 specie
698 978 1005 1043 communicantium
1026 979 1062 1043 in
1082 978 1220 1064 collegio
1241 1000 1360 1064 magno

69 1073 264 1142 institutum.
307 1076 348 1144 Id
369 1080 527 1166 scriptum
549 1092 599 1145 est
618 1082 654 1145 in
677 1080 791 1146 eodem
813 1079 907 1163 libro,
930 1102 999 1168 cap.
1021 1083 1053 1148 6.
1075 1091 1108 1147 et
1131 1081 1160 1150 7.

153 1179 185 1245 4.
229 1178 338 1249 Oausa
358 1192 491 1271 quarta:
513 1184 555 1250 ob
579 1184 781 1272 quorundam
805 1184 1010 1252 sacerdotum
1032 1187 1206 1251 conciones
1228 1193 1261 1252 et
1282 1184 1361 1274 dog·

67 1290 168 1348 mata.
212 1282 254 1348 ld
274 1286 437 1373 reperitur
458 1310 529 1376 cap.
552 1289 582 1356 9.
605 1290 751 1377 ejusdem
773 1289 859 1357 libri.

155 1387 187 1453 5.
232 1387 340 1456 (lausa
362 1393 494 1478 quinta:
527 1393 569 1459 ob
599 1393 802 1482 quorundam
835 1393 1002 1460 hominum
1032 1391 1174 1460 audaces
1196 1415 1361 1462 sermones

66 1491 110 1556 de
132 1495 354 1578 sacramentis,
378 1503 411 1561 et
431 1496 506 1561 aliis
527 1495 625 1563 rebus
648 1497 891 1563 ecclesiasticis.
914 1496 955 1564 Id
968 1504 1115 1563 notatum
1137 1499 1235 1563 estin
1246 1497 1362 1567 eodem

64 1595 160 1674 libro,
183 1596 299 1663 eodem
322 1619 392 1686 cap.

155 1702 185 1770 6.
231 1699 340 1769 Causa
361 1711 472 1771 sexta:
505 1713 639 1793 propter
660 1704 863 1772 sacerdotem
884 1704 1072 1788 Martinam,
1095 1704 1360 1771 concionatorem

64 1807 102 1871 in
124 1803 336 1893 Bethlehem,
370 1817 403 1874 et
433 1811 624 1897 magistrum
658 1809 790 1877 Gallum
823 1809 953 1877 Oraher
982 1809 1294 1893 administratorem,
1326 1817 1361 1877 et

66 1912 308 1979 communitatis
322 1913 600 2000 proptereosdem
622 1923 738 1982 exorta
759 1914 906 1982 dissidia.
949 1913 1003 1979 De
1024 1913 1076 1979 his
1088 1915 1243 2001 scriptum
1258 1913 1315 1980 lib.
1324 1913 1357 1981 2.

64 2035 140 2101 cap.
163 2014 194 2079 8.
235 2016 291 2081 Ex
313 2015 431 2103 quibus
454 2018 604 2084 omnibus
627 2020 733 2085 causis
755 2017 812 2083 alii
833 2016 927 2082 multi
949 2017 991 2082 de
1011 2018 1134 2105 pietate
1153 2019 1357 2099 remiserunt,

65 2124 104 2181 ut
125 2116 194 2204 lupi
213 2117 254 2184 de
276 2118 353 2202 vite,
385 2122 432 2185 ita
452 2129 489 2185 ut
510 2120 552 2186 de
575 2122 694 2208 exiguo
715 2120 816 2187 fluvio
837 2122 954 2205 ingens
977 2127 1011 2184 et
1031 2119 1175 2206 amplum
1196 2140 1286 2185 mere
1305 2120 1357 2185 in·

66 2222 215 2300 creverit,
237 2244 314 2289 nam
338 2223 471 2290 eosdem
493 2224 973 2293 contrainviceminauxilium
986 2231 1154 2307 vocarunt,
1175 2224 1233 2311 qui
1248 2223 1355 2308 magis

64 2324 222 2410 ludibrio,
245 2347 342 2414 quam
365 2329 583 2396 aestimationi
605 2332 796 2398 servierunt.

151 2430 299 2496 Fuerunt
321 2431 419 2496 etiam
443 2433 521 2521 (non
534 2433 661 2524 dubito)
685 2433 742 2503 illo
765 2442 910 2523 tempore
931 2433 1017 2498 inter
1027 2438 1129 2498 status
1151 2426 1357 2496 dominorum

61 2543 96 2600 et
112 2543 297 2623 equestrem
308 2534 404 2620 hujus
417 2539 511 2623 regni
524 2560 643 2624 magna
658 2537 794 2603 dissidia
816 2546 848 2604 et
869 2536 1090 2602 dissensiones
1112 2532 1173 2600 sub
1185 2539 1356 2620 praetextu

60 2639 244 2726 religionis,
257 2641 341 2706 sicut
353 2641 566 2727 Pragensium
578 2664 621 2708 ex
640 2645 746 2708 causis
770 2641 974 2730 quibusdam,
997 2638 1176 2707 secundum
1193 2636 1355 2725 judicium

59 2765 182 2827 meum,
205 2744 425 2832 sequentibus.

151 2849 182 2916 1.
226 2848 353 2913 Prima:
376 2848 453 2914 dum
477 2857 578 2914 status
601 2849 806 2916 dominorum
828 2847 1041 2915 dissentiebat
1062 2855 1194 2936 propter
1215 2845 1351 2934 portati·

59 2974 159 3018 onem
182 2954 313 3040 sceptri,
336 2954 425 3041 pomi
447 2955 538 3018 aurei
560 2961 592 3019 et
614 2956 702 3020 ensis
724 2961 799 3019 ante
820 2975 933 3040 regem
946 2955 980 3020 in
997 2953 1206 3020 coronatione
1221 2951 1355 3036 reginae

59 3056 194 3122 Mariae.
237 3057 290 3122 De
311 3057 373 3123 hoc
396 3059 551 3146 scriptum
573 3058 630 3126 lib.
660 3059 689 3124 1.
712 3081 781 3148 cap.
805 3060 836 3126 2.

146 3160 178 3225 2.
222 3159 332 3227 causa
352 3162 512 3228 secunda:
536 3163 612 3228 dum
625 3185 736 3229 omnes
759 3185 812 3228 res
834 3170 935 3227 status
947 3163 1041 3248 regni
1052 3159 1229 3228 Bohemiae
1240 3157 1350 3225 volue-

61 3274 148 3347 runt,
171 3272 209 3329 ut
229 3264 380 3331 dominus
401 3265 533 3333 Zdenco
545 3267 625 3334 Lew
647 3288 817 3355 supremus
828 3267 1046 3354 burggravius
1056 3265 1232 3350 Pragcnsis
1252 3263 1349 3329 ratio·

63 3368 152 3434 cinia
173 3368 334 3452 conficiat,
366 3379 398 3435 et
426 3370 571 3459 deponat
603 3372 645 3437 de
677 3373 821 3459 acceptis
852 3383 884 3436 et
908 3371 1068 3458 expositis
1090 3378 1224 3457 propter
1244 3365 1356 3433 debita

63 3473 166 3559 regia,
183 3472 260 3538 huic
278 3483 387 3539 autem
402 3474 458 3539 ille
474 3497 509 3539 se
528 3475 686 3563 opposuit
729 3473 769 3541 Id
782 3475 941 3563 scriptum
962 3495 1033 3561 cap.
1045 3475 1076 3539 3.
1100 3472 1246 3560 ejusdem
1267 3469 1354 3535 libri.

146 3579 176 3643 3.
221 3575 329 3642 Causa
351 3579 467 3643 tertia:
490 3578 568 3642 dum
588 3600 649 3643 rex
670 3578 858 3645 Ludovicus
882 3578 1034 3644 omnibus
1059 3577 1161 3641 ferme
1176 3575 1271 3661 regni
1285 3573 1354 3641 offi-

59 3679 199 3747 cialibus
221 3680 344 3746 ademit
365 3681 483 3758 officia,
513 3681 733 3768 suspicionem
762 3683 858 3748 nnius
889 3692 1002 3747 contra
1034 3681 1172 3748 alterum
1205 3698 1351 3746 musana.

61 3785 134 3852 Hoc
155 3786 324 3851 invenitur
345 3784 402 3853 lib.
425 3796 457 3850 et
479 3807 549 3872 cap.
573 3784 707 3851 eisdem.

147 3888 203 3954 Ex
225 3888 276 3953 his
300 3889 407 3954 causis
430 3897 519 3954 ortae
542 3888 661 3955 deinde
683 3900 757 3955 sunt
787 3887 881 3972 aliae,
916 3910 996 3976 quas
1018 3887 1073 3954 hic
1094 3888 1217 3954 referre
1240 3906 1352 3974 supen-

58 3990 161 4057 fluum
183 3992 323 4076 videtur,
346 4012 419 4057 cum
443 3991 563 4058 exinde
584 3994 670 4059 inter
690 3992 764 4059 illos
784 3994 850 4059 Dei
864 3993 995 4059 favente
1011 3993 1116 4079 gratia
1137 3991 1263 4057 nullum
1283 4012 1351 4057 ma·

59 4095 128 4161 lum
164 4099 320 4180 evenerit,
355 4098 503 4185 quamvis
539 4097 715 4181 videretur,
752 4100 847 4186 quasi
876 4119 958 4162 unus
981 4097 1077 4162 alteri
1097 4097 1166 4163 vim
1188 4092 1352 4184 quandam

57 4201 181 4267 inferre
202 4198 312 4278 vellet,
336 4203 420 4267 sient
440 4203 526 4268 inter
546 4202 738 4289 Pragenses.
782 4202 836 4269 Ab
858 4203 920 4267 hoc
943 4210 1088 4290 tempore
1110 4199 1211 4288 aliqui
1232 4198 1275 4266 de
1289 4207 1353 4265 sta·

57 4306 146 4372 tibus
169 4306 227 4372 din
247 4305 422 4372 noluerunt
443 4307 584 4392 Pragam
605 4307 744 4394 ingredi,
772 4315 804 4373 et
815 4308 946 4374 comitia
961 4307 1136 4390 celebrare,
1160 4305 1265 4371 donec
1279 4313 1353 4392 post

58 4420 200 4477 mortem
221 4411 310 4496 regis
342 4409 504 4478 Lndovici
526 4411 700 4478 concordia
722 4413 806 4478 inter
837 4410 969 4479 eosdem
997 4411 1084 4478 facta
1112 4409 1247 4487 fuisset;
1283 4429 1353 4475 rem

57 4514 159 4581 talem
181 4512 353 4581 adversam
383 4515 537 4603 primario
572 4515 754 4583 Stanislaus
783 4516 968 4605 Episcopus
995 4513 1222 4581 Olomucensis
1244 4512 1350 4579 Mora·

56 4619 152 4697 viae,
186 4629 219 4683 et
247 4618 376 4684 Ziabka
412 4622 606 4687 secretarius
639 4643 698 4709 per
731 4623 880 4689 nuntium
913 4623 1045 4688 nomine
1084 4621 1181 4705 regie
1208 4625 1368 4700 agentes,

57 4726 283 4792 interamnae
317 4732 420 4793 status
440 4724 620 4797 Bohemiae
652 4726 847 4819 attulerunt,
879 4738 917 4799 et
946 4727 1231 4799 dissemina-snut·
1270 4712 1393 4793 Q&
