2948 5040
139 154 202 223 tes

54 368 57 374 -
135 327 218 393 haec
250 330 312 393 erit
338 328 488 408 hnmana,
521 331 634 391 vestra
661 324 832 407 clericalis,
866 345 934 389 non
964 323 1086 391 Christi
1116 324 1212 393 fides.
1255 326 1317 395 Ait
1342 327 1428 393 enim

135 429 306 497 domiuus:
338 431 456 498 habete
477 430 577 497 fidem
598 429 673 514 Dei,
695 452 762 496 non
781 428 941 517 papalem,
966 429 1161 513 clericalem,
1184 429 1322 521 volpes
1344 430 1427 498 alios

120 535 288 601 ¹homines
323 535 502 601 confictam.
559 534 682 600 Omnes
719 536 808 601 enim
828 536 1015 600 testamenti
1035 534 1101 607 Dei
1138 536 1319 623 scripturae
1338 538 1430 603 testi·

135 641 280 705 monium
303 639 461 728 praebent
484 639 525 704 do
548 637 673 704 Christi
694 639 832 706 Domini
853 639 1085 727 personalitate
1107 649 1141 705 et
1162 642 1318 724 essentia,
1338 638 1427 727 quod

135 742 319 809 ascenderit
356 745 391 809 in
425 742 553 809 coelum
586 752 620 808 et
652 742 765 808 sedeat
798 742 841 809 ad
863 743 1032 809 dexteram
1063 743 1129 809 Dei
1159 747 1271 832 patris,
1295 752 1330 809 et
1353 743 1429 810 indo

135 857 292 914 venturus
325 850 368 914 sit
396 846 548 936 judicare
571 848 664 914 vivos
687 857 720 913 et
740 857 892 914 mortuos.
934 847 985 914 Ita
1007 850 1105 915 etiam
1134 849 1217 916 fides
1239 848 1429 916 Christiana

134 955 326 1021 universalis
370 962 461 1019 tenet
490 962 522 1018 et
555 952 649 1037 dicit3
684 952 761 1037 liqet
783 976 848 1018 non
869 951 1064 1037 dubitemne,
1103 962 1135 1020 et
1163 975 1277 1021 omnes
1313 951 1427 1019 fideles

135 1060 335 1135 credamus,-
353 1060 439 1147 qnod
471 1057 640 1123 nobiscum
671 1056 725 1121 hic
747 1059 788 1121 sit
816 1058 983 1144 usquead
1009 1058 1287 1123 consumationem
1315 1055 1428 1123 mnndi

135 1165 170 1228 in
194 1165 414 1247 sacramentis,
438 1164 561 1253 gratiis,
590 1171 623 1228 et
644 1162 737 1227 donis
761 1164 838 1245 suis,
861 1172 897 1226 ut
919 1161 1072 1248 dignatur
1093 1163 1310 1249 essespiritus
1335 1184 1426 1227 sanc·

135 1277 186 1334 tns
208 1270 242 1334 in
278 1269 390 1334 electis
426 1270 492 1333 suis
526 1266 627 1333 verbo
650 1288 708 1331 sno
739 1275 851 1331 sancto
884 1267 1003 1333 virtute
1032 1268 1202 1353 regiminis
1234 1269 1296 1349 sui,
1332 1266 1427 1332 etiam

132 1373 278 1440 vindicta
311 1372 432 1460 ubique
461 1381 519 1456 est,
543 1380 575 1438 et
601 1372 662 1437 erit
694 1369 737 1437 ad
759 1373 1035 1438 consumationem
1068 1370 1190 1454 mundi,
1213 1380 1246 1437 et
1267 1373 1303 1437 in
1326 1380 1425 1437 aeter·

135 1498 222 1541 num.

224 1579 278 1646 Ad
299 1578 390 1644 illam
413 1599 491 1664 ergo
512 1576 611 1642 fidem
638 1576 788 1643 Vestram
820 1578 953 1665 vulgum
988 1580 1190 1668 compellitis,
1213 1600 1280 1645 non
1303 1588 1426 1647 tantum

137 1685 179 1750 de
220 1690 422 1748 sacramento
456 1681 601 1768 corporis
636 1688 668 1744 et
699 1681 865 1766 sanguinis
898 1681 1020 1749 Ohristi
1055 1682 1189 1767 domini,
1222 1683 1282 1749 sed
1322 1694 1358 1750 et
1391 1684 1428 1749 de

134 1790 209 1856 aliis
230 1787 340 1853 multis
362 1785 506 1852 articulis
540 1806 605 1850 non
628 1781 771 1849 fundatis
793 1785 828 1849 in
851 1787 1010 1874 scriptura
1032 1787 1114 1874 legis
1135 1786 1278 1871 divinae,
1301 1787 1367 1855 sed
1390 1787 1427 1854 ab

137 1892 322 1960 bominibus
353 1891 439 1955 fictis
477 1898 509 1955 et
531 1890 683 1956 inventis.
733 1888 816 1954 Nolo
839 1912 901 1957 nec
922 1914 1056 1979 possum
1078 1891 1221 1974 credere,
1244 1901 1282 1957 ut
1303 1891 1349 1957 de
1364 1901 1427 1958 toto

134 1998 221 2064 clero
243 2018 327 2061 unns
349 1995 542 2076 inveniatur,
578 1996 634 2079 qni
668 1996 804 2061 auderet
827 2005 881 2060 ant
902 1995 1003 2061 vellet
1022 1998 1058 2062 in
1075 1995 1128 2061 his
1149 1996 1244 2086 mori,
1270 1995 1427 2079 comburi,

133 2111 189 2168 ant
209 2100 476 2190 qualemcumque
499 2097 607 2164 subire
630 2109 775 2166 mortem.
800 2099 898 2165 Vitae
912 2099 1048 2167 Vestrae
1063 2122 1243 2189 perversae.
1257 2109 1292 2165 et
1322 2103 1427 2167 minus

132 2209 296 2274 virtuosae
331 2203 550 2268 testimonium
585 2202 627 2268 de
657 2203 708 2269 his
742 2203 910 2291 praebent,
947 2213 979 2269 et
1000 2206 1065 2270 imo
1102 2204 1305 2292 quorundam
1343 2206 1427 2271 vitas

130 2311 319 2386 sceleratae,
342 2308 487 2397 peccatis
514 2317 548 2372 et
567 2308 736 2395 injustitiis
752 2309 877 2395 plenae.
901 2308 1045 2395 [deoque
1068 2310 1096 2374 si
1117 2317 1235 2377 vostra.
1247 2308 1335 2374 fides
1360 2309 1425 2377 talis

133 2425 236 2498 esset,
272 2421 353 2478 sicut
385 2411 492 2477 dicitis
535 2421 567 2476 et
596 2412 807 2499 profitemini,
830 2413 917 2501 quod
940 2412 1088 2479 habeatis
1111 2412 1221 2479 Deum
1248 2413 1423 2498 vivum,in

132 2540 272 2608 persona
304 2526 336 2582 et
370 2517 511 2581 essentia
546 2517 582 2581 in
603 2516 756 2583 manibus
779 2515 905 2581 Vestris
930 2519 965 2582 in
987 2518 1090 2601 altari,
1113 2517 1167 2584 vel
1187 2519 1223 2583 in
1245 2529 1417 2589 monstran-

132 2627 186 2701 tia,
220 2621 349 2710 quando
371 2621 479 2704 vultis,
513 2629 730 2707 praesentem.
755 2619 806 2686 0!
832 2643 928 2707 quam
949 2623 1048 2708 piam,
1072 2630 1224 2705 sancum,
1245 2622 1421 2705 honestas,

134 2737 166 2797 et
201 2730 395 2814 morigeram
429 2726 464 2789 in
485 2733 608 2791 terrore
643 2735 675 2790 et
697 2727 812 2791 timore
834 2724 944 2791 debito
966 2728 1068 2793 vitam
1090 2727 1264 2808 duceretis,
1296 2728 1423 2794 siliaco

132 2841 270 2898 tractare
291 2831 441 2918 possetis.
484 2829 606 2894 Verum
629 2831 759 2895 omnino
794 2829 880 2896 clare
902 2838 991 2917 patet
1024 2840 1057 2896 et
1079 2839 1190 2897 notum
1213 2839 1272 2913 est,
1307 2839 1424 2920 quanta

133 2937 350 3023 vilipensione
372 2934 430 2999 has
453 2935 570 2999 missas
593 2933 764 2999 celebretis
799 2942 832 2998 et
853 2943 1056 3001 sacramenta
1077 2935 1324 3018 administratis,
1352 2957 1425 3003 vere

132 3040 229 3106 modo
259 3039 532 3123 mechanicorum,
568 3041 639 3104 sine
661 3038 726 3104 fide
750 3048 783 3104 et
804 3039 973 3124 religione.
1019 3039 1158 3120 Quidam
1181 3040 1270 3104 enim
1292 3038 1353 3106 illa
1373 3038 1423 3105 ad-

134 3147 321 3211 ministrant
353 3168 374 3209 a
407 3143 590 3210 concubina
617 3143 798 3226 venientes,
829 3144 885 3209 alii
908 3142 949 3209 ab
984 3143 1140 3209 ebrietate
1174 3151 1206 3209 et
1237 3145 1422 3211 continuato

132 3249 261 3325 haustu,
284 3249 369 3314 alius
391 3248 547 3313 avaritiae
571 3246 711 3330 deditus,
736 3246 823 3334 quod
845 3247 932 3313 idem
956 3256 1006 3311 est
1036 3269 1075 3313 ac
1098 3247 1195 3313 idolis
1218 3248 1355 3330 servire,
1372 3254 1423 3312 aut

135 3354 209 3428 aliis
231 3353 336 3430 malis,
361 3351 417 3417 alii
438 3351 544 3416 adhuc
566 3353 695 3438 pejores
718 3351 759 3416 de
792 3350 1018 3437 praesentibus
1055 3352 1184 3418 clericis
1205 3352 1422 3423 inveniuntur.

135 3457 274 3540 Quaeso,
291 3458 362 3541 quis
379 3455 490 3520 credat
505 3455 641 3520 Vestrae
648 3453 757 3520 verbis
771 3455 876 3520 factae
887 3455 1089 3542 professioni,
1103 3455 1182 3522 dum
1193 3457 1310 3523 Vestra
1325 3479 1420 3546 opera

114 3562 230 3645 mala,
267 3561 354 3626 sacta
375 3560 557 3646 deturpant,
581 3561 636 3645 qui
660 3559 763 3625 solum
785 3559 939 3646 populum
961 3559 1122 3645 decipitis,
1146 3569 1179 3625 et
1209 3560 1330 3629 Vestra
1351 3563 1422 3629 ficta

97 3651 101 3658 ⁸
133 3666 302 3735 honestate
336 3672 370 3728 et
398 3664 534 3728 honesta
576 3663 729 3750 (scilicet)
762 3664 985 3729 aestimatione
1022 3663 1185 3730 seducitis.
1222 3664 1316 3732 Bene
1340 3667 1421 3732 enim

135 3771 224 3834 scitis
258 3791 296 3833 ac
319 3767 463 3850 noscitis,
496 3767 584 3853 quod
622 3768 858 3854 quamprimum
882 3768 1093 3848 communitas
1117 3778 1150 3833 et
1170 3769 1263 3857 plebs
1279 3772 1422 3851 resciret,

134 3883 166 3941 et
186 3894 300 3945 verum
322 3871 567 3937 fundamentum
591 3871 632 3936 de
654 3873 864 3937 sacramentis
881 3873 1024 3958 corporis
1055 3884 1087 3937 et
1109 3874 1277 3960 sanguinis
1290 3872 1423 3940 Domini

132 3976 235 4041 nostri
256 3975 336 4041 Jesn
359 3973 482 4040 Christi
503 3977 693 4062 acquireret,
727 3999 805 4040 mox
835 3973 952 4039 Vestra
972 3978 1150 4062 negotiatio
1182 3988 1291 4044 rueret
1328 3988 1362 4045 et
1392 3978 1423 4042 in

131 4079 270 4145 nihilum
292 4078 509 4145 reduceretur.
532 4079 620 4145 Vae!
643 4079 746 4145 Vobis
763 4087 858 4162 esset,
882 4079 1080 4145 inconsuetis
1103 4084 1326 4168 operariorum
1337 4083 1424 4149 labo·

133 4183 223 4249 ribus
246 4182 461 4266 manualibus,
495 4183 552 4249 ubi
575 4184 707 4271 quidam
730 4183 772 4248 ad
794 4191 946 4267 aratrum,
984 4184 1039 4249 alii
1068 4184 1110 4249 ad
1133 4186 1287 4252 tribulum
1309 4208 1422 4254 manus

133 4287 309 4355 admovere
321 4286 500 4372 deberetis3
524 4288 689 4353 defendite
701 4287 778 4369 Vos,
801 4303 832 4352 et
850 4287 1028 4355 allaborate
1052 4289 1344 4378 quomodocunque
1373 4312 1423 4379 po

132 4392 235 4473 testis,
259 4399 388 4478 praeter
411 4391 493 4457 haec
515 4393 624 4459 omnia
646 4393 738 4457 Deus
761 4392 965 4478 omnipotens
981 4392 1083 4458 Vobis
1096 4395 1206 4463 omnia
1217 4393 1259 4458 de
1274 4394 1425 4461 manibus

133 4498 260 4583 eripiet,
284 4504 316 4562 et
330 4518 389 4560 vos
409 4496 461 4567 his
484 4495 634 4563 omnibus
656 4496 800 4583 privabit
820 4498 906 4562 intra
929 4497 1064 4586 tempus
1080 4499 1234 4583 exiguum
1257 4498 1299 4565 ob
1310 4499 1425 4567 Vestra

131 4610 277 4688 peccata,
300 4600 476 4687 injustitias
499 4610 531 4666 et
553 4600 594 4666 ob
617 4601 754 4687 injustos
777 4610 809 4665 et
828 4601 1027 4669 inordinatos
1038 4602 1168 4669 illorum
1179 4605 1325 4671 oxnnium
1338 4626 1424 4685 usus,

136 4707 172 4771 in
196 4705 304 4773 alieno
326 4704 520 4772 Antichristi
543 4727 650 4787 sensu,
684 4727 726 4771 ne
748 4727 869 4793 pascua
899 4716 933 4774 et
959 4708 1113 4775 alimenta
1141 4707 1276 4777 sumatis
1296 4718 1378 4797 potu
1399 4714 1428 4772 et
