2880 5070
90 111 275 200 pervenire,
297 108 355 174 ubi
376 116 485 173 tamen
506 108 592 172 intra
613 106 695 173 duas
716 107 915 195 septimanas
937 114 972 173 et
992 104 1135 195 quatuor
1154 107 1221 175 dies
1235 107 1311 197 Pru
1346 60 1433 219 'ff

90 216 218 283 reversi
239 210 389 280 fuerunt!
413 210 460 278 Hi
482 213 581 277 etiam
602 220 734 299 praeter
753 212 996 278 annotationem
1018 213 1054 277 in
1076 211 1193 279 tabulis
1212 221 1308 301 regur
1337 223 1432 294 ‚ait-1

92 329 170 405 tam,
194 321 292 385 etiam
314 316 407 384 libris
430 318 497 381 auis
520 317 663 383 civitatis
686 316 740 382 die
756 316 853 383 lunae
875 324 950 405 post
970 315 1091 383 festum
1112 299 1311 387 omniunt&
1375 367 1397 388 ,-
1422 323 1430 348 ⁸

92 434 199 491 torum
220 444 306 491 anno
329 422 416 489 1524
436 422 682 509 inscripserunt,
715 421 804 509 quod
841 444 953 509 regem
987 421 1155 489 dominum
1187 407 1321 495 suumff
1358 419 1438 507 ,μ’

93 527 240 617 linquere
254 527 367 611 nolint,
390 536 486 613 prout
498 525 539 591 de
561 525 612 591 his
634 527 798 614 inprime
823 525 907 592 libro
919 548 991 616 cap.
1009 528 1063 594 25.
1076 527 1207 593 articulo
1219 531 1288 599 k'd·
1343 585 1346 590 .
1372 521 1438 603 φ’

91 643 160 699 tum
181 633 252 717 luit,
274 634 340 699 imo
363 650 470 719 neque
493 630 557 697 hoo
578 630 699 696 factum
720 631 792 697 fuit.
814 631 910 697 Aliae
933 633 1060 720 pariter
1075 632 1236 717 cirinus,
1293 630 1359 679 Ν
1387 646 1421 686 -‘

93 737 219 804 incolae
242 760 315 804 cum
347 736 413 802 illis
436 736 741 823 progrediebantur,
779 738 836 824 qui
869 736 1049 803 secundm
1082 758 1191 823 regern
1286 736 1327 799 b*x
1422 758 1439 803 u

91 866 185 909 suum
207 865 243 909 se
264 842 409 929 dirigere
437 840 626 924 debuerant,
658 851 691 907 et
710 864 777 908 non
800 841 979 908 secundum
1001 843 1183 929 Progenies
1199 784 1385 925 rut&
1439 921 1440 925 Ἰ

93 970 190 1036 quam
212 948 322 1029 alium,
357 954 390 1011 et
410 945 564 1034 progredi
585 946 628 1011 ad
651 955 757 1013 eastra
779 955 924 1034 tempore
948 968 970 1013 a
992 968 1073 1035 rege
1094 948 1183 1037 prius
1314 875 1409 997 ff

93 1074 168 1119 cum
190 1051 322 1119 domino
338 1049 463 1116 Jacobo
486 1049 737 1127 subcamerario,
761 1060 794 1116 et
820 1073 896 1116 unm
916 1050 991 1117 aliis
1006 1052 1233 1119 civitatibus·
1295 983 1436 1174 effla*

91 1156 281 1223 mandatum
301 1156 437 1242 regium,
462 1164 495 1221 et
516 1154 695 1221 seeundum
717 1156 862 1221 omnium
884 1158 1047 1244 promissa
1069 1154 1190 1224 Colinii
1291 1152 1327 1215 i
1351 1230 1357 1249 ,

90 1263 226 1328 minime
249 1269 395 1346 egerunt,
420 1269 452 1326 et
475 1282 510 1326 se
531 1269 630 1348 prout
653 1259 844 1345 debuerunt,
867 1283 935 1327 non
957 1272 1141 1349 gesserunt,
1164 1226 1437 1329 ,flu-fiir?

5 1348 9 1363 ’
88 1366 393 1453 juxtaPragenses
416 1374 581 1430 eteorum
606 1366 804 1453 capitaneos,
827 1364 1197 1450 PastuohaetBladek,
1252 1340 1400 1439 <affl

90 1471 196 1558 primo
218 1471 306 1536 viam
327 1469 569 1557 aggredientes,
592 1469 733 1558 ideoque
756 1493 799 1536 ex
820 1470 872 1536 his
895 1469 1045 1536 omnibus
1069 1471 1165 1559 sequi
1175 1470 1250 1537 do
1258 1440 1418 1533 filil*

92 1576 148 1661 qui
169 1573 234 1641 sibi
255 1574 343 1641 bona
364 1575 418 1641 vel
441 1574 527 1640 mala
549 1583 733 1663 praeparat,
771 1584 804 1641 et
826 1575 882 1640 illa
904 1577 1052 1660 assumit,
1087 1554 1375 1643 illbuibrfi⁸lbi
1401 1599 1411 1615 *¹
1438 1625 1439 1628 ,

90 1678 172 1766 ipse,
195 1678 273 1744 dum
295 1681 330 1745 in
352 1678 417 1745 illis
428 1700 623 1768 permanere
640 1677 747 1744 debet.
771 1678 917 1745 Advorte
944 1678 1053 1746 adhuc
1067 1667 1384 1768 difignrvfflls,

89 1782 315 1851 infelicitatem
352 1785 425 1851 tulis
459 1784 583 1850 domini
614 1792 648 1849 et
669 1785 768 1870 regis,
804 1784 846 1850 ad
870 1784 999 1872 qualern
1030 1784 1132 1851 finem
1164 1791 1197 1851 et
1277 1770 1343 1831 Μ

89 1887 181 1955 illum
201 1889 404 1978 perduxerit,
438 1892 485 1955 ita
517 1900 554 1955 ut
585 1887 769 1955 inauditum
791 1891 835 1955 sit
856 1888 898 1954 de
921 1898 987 1955 tam
1010 1889 1104 1955 fatali
1126 1912 1202 1956 casu
1234 1886 1238 1891 ’
1274 1892 1335 1941 11
1345 1908 1426 1995 nm

87 2000 154 2059 tam
184 1996 327 2083 potentis
350 1995 482 2061 domini.
518 1994 600 2076 Quis
624 1996 711 2060 enim
733 1994 901 2082 hucusque
924 1996 1079 2082 cognovit
1112 1976 1410 2115 cenula-‘dtu

88 2098 176 2171 dicia
196 2101 264 2165 Dei
286 2100 530 2187 omnipotentis,
553 2100 609 2185 qui
624 2107 818 2187 potestatem
840 2099 941 2167 habet
960 2101 1386 2219 inimperatorertflmq'

88 2224 207 2291 papam
231 2212 263 2271 et
285 2226 399 2270 omnes
421 2204 503 2270 alios
525 2203 674 2269 hominos
697 2203 862 2270 mirabilia
884 2226 944 2271 sua
965 2204 1291 2283 demonstrandi„
1306 2224 1368 2313 μμ

91 2316 164 2374 teus
187 2317 237 2374 eet
258 2308 347 2374 hunc
368 2308 435 2393 tali,
470 2308 672 2395 alterumque
696 2310 760 2375 alio
783 2310 881 2376 modo
910 2310 952 2377 ad
983 2309 1154 2377 interitum
1184 2306 1348 2405 pah

90 2413 174 2478 siout
195 2434 216 2479 a
237 2413 399 2502 principio
422 2415 546 2480 mundi.
583 2414 728 2502 Ideoque
766 2414 920 2483 fallibilia
957 2423 1034 2481 sunt
1070 2413 1327 2498 horninufflffi'

88 2539 189 2604 qnare
210 2518 303 2584 Deus
325 2519 361 2584 in
381 2518 444 2584 hac
467 2520 535 2586 vita
558 2517 706 2585 homines
744 2519 849 2587 bonos
884 2529 916 2586 et
953 2522 1026 2610 pios
1061 2521 1208 2608 castiget,
1247 2518 1313 2603 ῌ

89 2625 186 2689 etiam
220 2622 362 2711 quodam
398 2647 458 2712 per
491 2626 601 2691 varios
638 2647 734 2690 casus
756 2625 965 2710 tentationes,
1004 2617 1265 2718 purgaurirni

87 2727 219 2811 mundo,
240 2728 393 2795 interitus
429 2739 462 2796 et
494 2739 632 2796 mortem
655 2729 858 2796 subitaneam
880 2730 1043 2807 immittat,
1081 2728 1179 2795 malis
1197 2744 1255 2808 vert,
1279 2737 1307 2740 ”

88 2832 193 2899 versis
216 2842 249 2900 et
269 2833 401 2921 injustis
423 2834 588 2900 fortunam
612 2844 644 2900 et
664 2837 848 2922 profectum
869 2836 904 2901 in
926 2834 1077 2902 omnibus
1097 2832 1237 2902 laetitiis
1291 2845 1292 2852 ’

87 2939 142 3007 De
164 2941 215 3008 his
232 2941 385 3030 judicare
405 2938 488 3004 nulli
511 2939 688 3023 hominum,
711 2941 769 3007 sed
793 2941 854 3008 soli
875 2941 948 3007 Deo
971 2941 1134 3008 convenit
1313 3007 1318 3027 ,

175 3045 424 3134 suprascriptus
452 3065 531 3110 vero
568 3043 757 3111 Ludovious
778 3047 932 3132 regnavit¹
948 3054 1027 3134 post
1047 3054 1189 3112 mortem
1207 3038 1279 3131 petit·

89 3149 205 3217 decem
227 3152 323 3216 annis
346 3160 379 3216 et
401 3151 544 3237 quinque
567 3151 744 3234 mensibus,
767 3152 883 3217 aetatis
906 3172 984 3217 suae
1004 3171 1128 3217 annum
1150 3148 1257 3217 haben

88 3257 205 3323 simum
239 3265 273 3321 et
295 3255 377 3321 duos
399 3277 540 3338 menses,
564 3255 620 3342 qui
642 3277 721 3322 vere
743 3255 892 3322 dominus
906 3255 1067 3342 benignus
1077 3255 1195 3340 fuerat,
1232 3285 1243 3310 ιἸ
1259 3287 1265 3328 ρ

86 3359 172 3426 ditos
194 3383 271 3427 suos
295 3358 435 3426 affabilis
459 3370 490 3425 et
511 3358 554 3424 ad
574 3359 735 3447 justitiam
756 3381 887 3447 pronus,
920 3361 986 3426 nisi
1006 3358 1188 3448 impeditus
1214 3353 1291 3427 fuid

86 3464 274 3532 hominibus
298 3463 455 3548 subdolis,
484 3464 633 3552 justitiae
657 3473 690 3529 et
711 3466 799 3530 omni
822 3464 909 3531 bono
931 3464 1192 3533 adversantibus.
1228 3464 1290 3547 Qu

85 3570 152 3635 mia
164 3571 235 3657 ejus
250 3569 379 3637 bonitas
389 3591 465 3635 eum
477 3568 617 3651 seduxit,
642 3577 675 3633 et
695 3568 737 3635 ab
759 3591 870 3635 amore
892 3592 1001 3636 rernm
1023 3568 1177 3636 altiorum
1204 3578 1237 3637 et
1251 3601 1252 3620 2
1266 3599 1269 3622 ι
1282 3575 1294 3606 *⁷

86 3672 211 3759 bilium,
224 3675 439 3743 victusv'ariis
447 3672 613 3740 illecebris
625 3673 844 3757 venationum,
857 3674 1006 3753 saltuum,
1030 3674 1307 3762 spectaculorum

87 3780 238 3847 citiorum
251 3802 408 3847 vanorum
425 3791 458 3846 et
479 3779 617 3847 aliarum
639 3802 749 3845 rerum
772 3780 936 3863 similium,
960 3777 1077 3867 quibua
1099 3779 1238 3847 nimium
1257 3778 1275 3833 '¹¹
1287 3803 1296 3826 r
1308 3781 1318 3822 ³⁶

86 3893 119 3951 et
127 3907 163 3951 se
174 3888 356 3973 occupavit,
378 3886 519 3974 ideoque
534 3884 671 3974 perinde
679 3886 812 3971 negotia
833 3884 1036 3951 subditorum
1057 3882 1221 3971 neglexit,
1259 3914 1269 3938 o
1300 3909 1306 3930 ⁴

86 3990 163 4056 dum
185 3992 276 4077 rigor
297 3990 469 4075 regiminis
507 3999 540 4056 et
555 3990 705 4079 justitiae
728 4002 873 4078 tempore
897 4000 929 4056 et
950 3989 1022 4055 loco
1054 3986 1170 4055 debito
1203 3986 1244 4055 ab
1278 4009 1312 4038 2¹*

85 4118 151 4163 non
172 4093 406 4161 observabatur
431 4103 462 4160 et
485 4094 712 4179 exhibebatur,
736 4095 813 4183 quia
835 4094 980 4163 bonitate
1003 4098 1037 4159 et
1057 4090 1136 4159 aliis
1159 4090 1292 4183 ejusden

84 4199 207 4267 tutibus
229 4199 333 4283 rnulti,
366 4200 560 4287 praesertim
593 4200 777 4287 Progenses
811 4199 896 4265 male
929 4200 981 4265 usi
1009 4196 1153 4281 fuerunt,
1188 4196 1305 4265 nulla

85 4327 145 4371 nas
181 4306 343 4389 timentes,
377 4306 450 4393 quis
487 4304 566 4393 quid
602 4304 713 4389 voluit,
750 4303 837 4388 fecit,
872 4303 982 4370 literas
1006 4311 1039 4369 et
1058 4300 1216 4372 mandata
1234 4304 1292 4395 ejus
1322 4329 1323 4332 ¹

87 4419 245 4477 curantes.
266 4410 411 4499 Ideoque
432 4412 467 4476 in
490 4408 608 4498 quibus
629 4432 689 4499 per
710 4408 919 4496 fragilitatem
936 4410 1122 4498 juventutis
1136 4416 1289 4477 sumente
1301 4432 1310 4460 r

75 4534 183 4585 annos
203 4520 239 4586 in
261 4515 331 4587 illis
352 4516 463 4608 Praga
483 4514 643 4605 relegatis
664 4514 842 4597 aberrauit,
861 4513 1036 4583 admittens
1054 4509 1100 4583 ob
1121 4514 1257 4607 injustas
1275 4518 1299 4579 et
1316 4521 1334 4552 ³*

1293 2897 1309 2968 ‚l
