2948 5040
1301 143 1367 221 22⁰

63 318 245 385 intulerunt
274 319 416 406 tamdiu,
446 320 552 389 donec
587 318 720 388 andem
751 320 943 407 transigere
964 317 1155 388 debuissent
1177 318 1369 408 quibusdam

63 445 141 490 cum
174 424 413 491 conditionibus
458 433 491 491 et
526 445 636 492 arcem
663 426 734 513 jam
755 424 851 492 valde
883 424 1080 491 destructam
1107 425 1142 491 in
1171 432 1366 513 potestatem

60 527 153 615 regis
184 526 310 594 cedere.
354 529 442 594 Dum
476 550 555 597 vero
592 528 674 595 haec
706 537 780 596 acta
806 529 956 613 fuissent,
1003 528 1148 595 Joannes
1179 530 1364 618 Stephanus

60 632 99 698 in
132 632 301 699 Poloniam
322 633 466 699 recessit.
512 633 552 699 ln
587 635 727 699 crastino
759 653 848 717 vero,
879 633 932 700 die
961 655 1080 721 nempe
1111 632 1204 701 Jovis
1235 635 1362 722 majori,

62 759 183 825 nempe
206 738 241 802 in
264 759 366 804 coena
387 738 533 823 Domini,
567 759 628 803 rex
649 760 670 804 a
691 745 806 804 natura
838 759 895 803 sua
927 740 1041 827 pietati
1070 732 1242 804 consuetae
1268 739 1364 826 juxta

61 841 325 937 informationem
359 844 590 930 magistrorum
625 834 771 908 suorum
788 860 983 931 propensus,
1005 863 1165 931 pauperes
1188 840 1262 907 cibo
1285 862 1361 907 con·

61 946 206 1030 fortavit,
229 946 396 1036 pedesque
418 970 531 1015 eorum
555 946 636 1014 lavit
667 948 704 1015 in
726 948 810 1014 arcis
843 947 943 1015 viridi
975 947 1189 1037 hypocausto,
1212 947 1363 1035 exemplo

59 1051 199 1119 Domini
228 1053 288 1136 sui,
327 1053 476 1140 sequenti
509 1052 616 1118 modo.
671 1052 782 1118 Primo
819 1051 939 1118 adduci
956 1052 1059 1141 jussit
1079 1052 1122 1118 ad
1152 1050 1260 1133 cubile
1278 1051 1363 1143 illud

61 1155 222 1223 tredecim
244 1178 406 1244 pauperes
427 1157 596 1223 mendicos
618 1156 723 1224 virilis
746 1179 857 1237 sexus,
890 1166 924 1225 et
945 1157 1077 1247 quidem
1088 1155 1131 1223 ad
1141 1155 1249 1225 locum
1261 1148 1363 1243 illum,

61 1264 121 1331 ubi
144 1273 247 1331 status
267 1266 428 1352 equestris
450 1273 483 1330 et
504 1266 613 1333 civilis
636 1265 742 1334 solent
762 1273 839 1347 vota
861 1286 920 1330 sua
950 1284 1141 1353 proponere,
1170 1248 1245 1329 ubi*
1263 1261 1361 1331 oollo·

63 1370 135 1437 cari
152 1371 252 1458 jussit
272 1393 420 1435 mensam
444 1368 627 1457 oblongam,
650 1392 734 1459 quae
756 1378 843 1437 tecta
864 1391 993 1458 mappa,
1018 1366 1151 1435 orbibus
1175 1374 1207 1433 et
1227 1366 1361 1455 ampho-

69 1477 118 1542 ris
140 1474 257 1561 ligneis
280 1473 415 1542 cuilibet
437 1474 623 1563 specialiter
643 1475 801 1541 instructa
822 1475 890 1542 fuit
934 1472 1082 1541 Tandem
1103 1472 1271 1560 praecepit
1290 1472 1359 1560 qui·

67 1579 207 1648 busdam
242 1580 432 1668 proceribus
467 1579 715 1647 notabilioribus
741 1579 896 1646 Bohemis
928 1587 961 1644 et
982 1575 1175 1661 Austriacis,
1197 1585 1233 1642 ut
1255 1576 1362 1657 eidam

68 1684 162 1751 cibos
184 1683 226 1750 de
247 1682 357 1750 culina
377 1684 471 1771 regia
491 1682 651 1767 adferant,
675 1705 813 1772 quorum
834 1682 991 1749 tredecim
1014 1691 1117 1762 orant,
1137 1683 1363 1771 optimeprae·

61 1797 260 1879 paratorum,
285 1788 431 1856 ciborum
464 1810 606 1876 nempe;
629 1787 707 1854 dum
730 1787 811 1854 haec
832 1788 879 1853 ita
899 1787 986 1854 facta
1007 1788 1155 1876 fuissent,
1178 1789 1266 1878 quod
1287 1812 1362 1879 por·

64 1893 208 1961 laverint
243 1892 334 1965 cibos
363 1915 422 1980 pro
453 1892 599 1981 qualibet
635 1913 776 1980 persona
808 1891 994 1980 specialiter
1014 1895 1049 1961 in
1085 1894 1230 1961 scutellis
1252 1886 1363 1984 parvis

64 1999 207 2086 ligneis,
230 2005 298 2062 tum
320 2019 382 2063 rex
401 2005 479 2075 ante
499 2018 646 2063 mensam
669 2004 759 2061 stans
781 1995 847 2064 illis
870 1997 1050 2080 inservivit,
1086 2007 1119 2065 et
1150 1999 1270 2087 cuique
1299 1999 1360 2067 hos

59 2104 153 2173 cibos
174 2103 331 2192 porrexit,
352 2103 529 2189 vinumque
550 2101 616 2169 illis
638 2104 674 2169 in
695 2101 948 2191 amphorashas
971 2102 1104 2189 infudit3
1128 2102 1219 2171 cibos
1239 2111 1358 2180 autem,

60 2231 144 2300 quos
165 2230 231 2275 non
252 2216 531 2297 consumpserunt,
553 2206 722 2275 mandavit
742 2206 859 2275 aulicis
884 2215 920 2274 ut
941 2215 1015 2297 post
1035 2206 1212 2296 prandium
1225 2207 1362 2275 illaom·

61 2316 130 2398 nia,
152 2313 379 2404 nampocibos,
402 2313 563 2398 scutellas,
586 2312 758 2400 amphoras
769 2321 802 2379 et
813 2311 908 2381 orbes
919 2311 1057 2400 ligneos,
1070 2312 1104 2378 in
1115 2313 1214 2398 vasis,
1224 2335 1360 2402 quorum

45 2417 164 2484 'etiam
182 2417 339 2487 tredecim
359 2418 501 2503 fuerunt,
523 2415 566 2485 ad
587 2417 669 2484 haec
690 2419 902 2507 praeparatis,
932 2418 966 2485 in
989 2416 1206 2507 quorumlibet
1232 2418 1359 2486 habita·

65 2523 137 2592 cula
168 2523 326 2608 deferant,
359 2531 530 2612 postquam
563 2522 695 2592 domum
724 2522 854 2591 iverint.
895 2523 975 2589 Post
1004 2512 1177 2612 prandium
1207 2522 1360 2592 sacerdos

64 2628 251 2697 decantavit
271 2628 445 2696 lectionem
467 2629 571 2694 saneti
592 2627 740 2712 Joannis,
778 2649 877 2719 quam
899 2626 962 2694 hac
983 2627 1038 2695 die
1060 2627 1278 2697 christianitas
1299 2652 1360 2719 per

60 2733 218 2803 ecclesias
240 2735 418 2819 consuevit,
450 2733 492 2800 de
514 2733 679 2800 ablutione
700 2731 821 2822 pedum
843 2732 1084 2822 Apostolorum,
1103 2742 1152 2805 ,et
1172 2733 1251 2800 dum
1282 2757 1356 2805 can·

59 2849 132 2909 arm
152 2838 322 2925 linivisset,
345 2840 476 2907 dicens:
499 2837 585 2929 quod
606 2839 772 2927 accipiens
794 2839 955 2906 Dominus
977 2847 1095 2905 noster.
1109 2838 1207 2906 Jesus
1242 2837 1353 2907 Chris·

60 2955 116 3015 bas
152 2945 298 3030 linteum,
332 2944 389 3012 illo
418 2967 455 3011 se
486 2944 706 3033 praecinxerit
735 2951 767 3010 et
797 2943 832 3012 in
858 2965 1014 3031 cupreum
1042 2966 1101 3011 vas
1131 2966 1250 3032 aquam
1271 2944 1356 3013 infu-

62 3052 150 3119 derit
171 3060 252 3138 etc.;
274 3060 343 3117 tum
374 3073 436 3118 rex
457 3051 642 3141 praecinxit
675 3071 711 3123 se
739 3049 842 3116 linteo
862 3071 955 3138 puro,
985 3057 1019 3115 et
1039 3069 1098 3115 vas
1122 3052 1277 3137 cupreum
1298 3049 1355 3116 ad·

61 3158 144 3225 ferri
159 3158 270 3247 jussit,
292 3179 377 3246 aqua
397 3154 575 3245 impletum,
605 3153 693 3246 quod
713 3157 880 3245 accipiens
903 3154 1075 3244 episcopus
1090 3153 1270 3243 Trygensis
1291 3176 1351 3244 pro

61 3271 142 3329 tunc
175 3282 343 3350 praesens,
368 3260 541 3328 collocavit
571 3259 614 3325 ad
637 3259 815 3347 quemlibet
835 3260 922 3326 hunc
951 3280 1137 3348 pauperem.
1181 3258 1254 3327 Rex
1274 3281 1353 3328 vero

64 3366 304 3451 humidecteus,
326 3363 514 3432 effundente
535 3366 689 3455 episcopo
712 3366 846 3432 cuilibet
867 3387 986 3454 aquam
1009 3387 1107 3454 super
1138 3363 1262 3431 nudum
1283 3367 1354 3454 ejus

61 3472 216 3539 dextrum
247 3470 365 3560 pedem
399 3470 503 3538 abluit
532 3479 565 3537 et
598 3471 774 3559 quemlibet
794 3470 958 3538 osculatus
980 3469 1051 3554 fuit,
1073 3492 1177 3559 usque
1209 3468 1252 3536 ad
1281 3470 1354 3539 ulti·

63 3598 164 3644 mum.
208 3576 384 3664 Postquam
404 3575 468 3642 hoc
487 3575 656 3658 finivisset,
678 3577 803 3664 porrigi
824 3576 888 3642 sibi
905 3576 1007 3664 jussit
1027 3573 1184 3641 tredecim
1206 3575 1354 3643 sacculos

62 3681 180 3750 rubros
211 3681 255 3747 ad
283 3681 366 3747 haec
395 3681 579 3769 specialiter
610 3691 830 3774 praeparatos,
864 3702 1000 3770 quorum
1032 3679 1166 3747 cuilibet
1199 3703 1299 3751 unum
1319 3683 1355 3749 in

62 3786 186 3854 nodum
206 3787 381 3877 appendit3
402 3788 438 3852 in
460 3786 604 3874 quolibet
625 3809 704 3855 vero
726 3787 855 3854 sacculo
879 3798 948 3855 erat
968 3811 1119 3856 nummus
1141 3811 1200 3878 pro
1231 3787 1356 3857 floreno

63 3893 243 3977 Rhenensi,
268 3891 402 3959 cuilibet
422 3891 549 3958 addidit
571 3893 668 3958 etiam
690 3892 814 3981 aliquot
835 3896 927 3959 ulnas
949 3894 1029 3962 boni
1049 3891 1150 3983 panni
1173 3916 1233 3982 pro
1255 3901 1356 3977 veste,

63 4008 96 4064 et
120 3997 300 4085 telampro
323 3997 462 4080 indusio,
486 3998 657 4086 quasillis
680 3998 846 4064 distribuit
879 4008 912 4065 et
932 4000 1066 4066 tandem
1087 3998 1161 4065 illos
1195 3997 1238 4065 ad
1261 3996 1352 4067 habi·

61 4102 171 4169 tacula
204 4124 314 4168 eorum
346 4102 477 4170 dimisit.
521 4104 573 4172 De
596 4103 653 4170 tali
675 4112 749 4170 actu
771 4105 945 4170 commisso
967 4129 988 4172 a
1009 4115 1075 4172 tam
1096 4111 1227 4192 potente
1251 4101 1353 4169 chris·

61 4210 150 4274 tiano
173 4207 304 4274 domino
326 4229 392 4273 non
414 4208 553 4293 auditur,
576 4209 632 4297 qui
655 4231 690 4274 se
701 4210 748 4275 ita
769 4209 955 4278 humiliaret
965 4211 1130 4277 modernis
1145 4210 1359 4299 temporibus,

62 4316 147 4381 sicut
178 4313 232 4380 hic
265 4335 326 4379 rex
346 4314 434 4399 fecit,
467 4314 555 4403 quod
577 4314 619 4380 de
640 4313 697 4381 illo
721 4315 911 4381 confirmant
943 4317 1063 4383 multae
1084 4317 1150 4383 fide
1179 4316 1301 4405 dignae
1322 4325 1355 4383 et

60 4419 221 4487 notabiles
244 4442 412 4509 personae,
437 4442 519 4508 quae
547 4443 607 4509 pro
628 4420 718 4487 fideli
738 4406 875 4487 veritate
897 4422 976 4488 fassi
998 4422 1136 4505 fuerunt,
1173 4419 1259 4510 quod
1274 4418 1356 4486 illud

61 4528 161 4594 etiam
193 4528 228 4591 iu
250 4526 321 4592 aliis
343 4527 529 4612 regionibus
564 4550 662 4615 agere
696 4530 918 4615 consueverit,
954 4529 1161 4619 quodetiam
1183 4528 1353 4613 imperato·

61 4654 131 4698 rem
155 4629 307 4700 Oarolum
330 4631 462 4699 fratrem
485 4634 555 4721 eJus
577 4633 683 4720 egisse
705 4634 915 4703 testabantur.
961 4713 965 4725 Ι
1345 4644 1350 4657 “
