2948 5040
1313 170 1380 239 293

1318 363 1377 414 Pi&

654 416 761 506 Caput
783 417 815 482 6.
1363 460 1375 487 i-

78 504 108 560 ln
129 521 184 575 quo
202 503 331 574 scribitur,
349 503 419 573 qnod
432 517 477 556 rex
489 503 636 558 ludovicus
655 506 757 558 comitia
771 500 890 555 omnibus
909 501 1016 556 statibus
1028 502 1121 557 Colinii
1139 506 1309 568 constituerit,
1357 500 1393 573 ,””

118 577 154 628 ad
173 588 240 642 quac
259 572 404 642 Pragonses
423 579 449 625 et
467 588 557 627 omnes
576 574 664 627 exules
683 575 756 626 citari
771 572 847 641 jussit
865 578 915 624 etc.
941 571 1055 626 Tandem
1073 573 1144 640 quod
1161 574 1309 626 discordiae
1353 592 1370 622 a

118 646 188 696 inter
205 643 338 696 dominum
356 641 419 694 Low
437 649 464 694 et
481 641 612 695 dominnm
631 643 773 698 llenricnm
792 649 991 708 componantur.
1026 641 1089 694 ltenr
1109 642 1227 695 dominus
1245 642 1311 696 Lew
1352 661 1358 678 ¹

116 715 227 775 intimat,
249 719 371 780 quantum
397 723 532 764 numerum
560 714 675 779 equitum
693 710 839 779 Prsgenses
865 707 996 772 babeant3
1025 711 1051 762 in
1075 710 1170 778 quibus
1197 713 1309 764 comitiis

117 780 183 834 nibil
202 780 345 833 obicientes
364 782 455 831 iterum
482 779 664 833 discesserunt.
695 778 758 833 ltem
776 778 805 828 tit
832 779 929 831 mentio
950 778 982 830 de
1001 778 1079 831 iratre
1098 777 1219 833 Mathia.
1256 817 1263 833 .
1300 779 1378 834 .187

652 846 761 934 Caput
784 846 813 912 i.

80 936 112 989 In
132 951 185 1006 quo
204 934 368 1000 describitur,
386 935 517 1003 quomodo
543 936 689 1004 Pregenses
716 948 763 986 sua
790 933 841 985 alte
859 940 949 1000 petent
973 943 1000 990 ct
1018 949 1064 1002 per
1087 933 1313 1004 archiepiscopum

119 1006 352 1073 Ostregomensem
378 1004 458 1055 multa
486 1004 630 1071 perficiant.
664 1003 778 1056 Tandem
812 1001 883 1069 qnod
899 1000 983 1055 Turca
1012 1005 1039 1055 in
1057 1001 1188 1072 llungnria
1220 1004 1314 1057 damna

118 1075 227 1145 grandia
247 1075 393 1125 causaverit
412 1081 438 1124 et
450 1072 622 1142 Betegradum
636 1073 834 1140 expugnaverit,
853 1078 879 1120 et
897 1071 968 1136 quod
987 1087 1032 1124 rex
1046 1071 1194 1124 ludovicus
1211 1072 1312 1124 lamen-

117 1143 233 1196 tabititer
250 1150 276 1193 ct
293 1157 341 1209 per
359 1142 442 1194 Deum
461 1143 600 1209 rogaverit,
628 1151 656 1194 ut
673 1141 758 1192 eidem
777 1138 883 1192 bohemi
903 1141 1023 1193 auxilinm
1042 1139 1162 1192 tribuant.
1197 1139 1311 1193 Tandem

119 1214 165 1280 qni
183 1211 215 1263 ad
235 1211 429 1276 expeditionem
459 1210 525 1262 hanc
552 1211 654 1272 iverint,
680 1225 739 1261 cum
766 1207 914 1260 nominibus
942 1208 1053 1277 illorum,
1076 1210 1212 1276 ¹quomodo
1244 1210 1311 1263 haec

119 1295 207 1350 pugna
225 1287 331 1347 peracta
349 1279 426 1333 fucrit
444 1287 470 1331 et
487 1293 532 1332 rer
552 1278 701 1332 ludovicus
720 1278 864 1331 interirent
917 1313 1312 1337 ..........
1332 1278 1383 1333 190

658 1343 765 1432 Caput
787 1345 816 1410 8.

81 1434 135 1489 Ubi
155 1435 306 1503 explicatur,
332 1433 463 1556 {uomodo
491 1436 589 1489 amicus
609 1436 635 1487 in
652 1434 812 1487 necessitate
836 1435 962 1501 cognosci
985 1434 1076 1489 soleat.
1110 1434 1223 1486 Tandem
1242 1443 1316 1504 port·

121 1521 199 1574 quam
216 1503 315 1555 Turcae
356 1504 432 1556 udam
451 1510 654 1573 expugnassent,
674 1501 737 1569 quid
754 1500 852 1553 ibidem
871 1504 1035 1555 ceusarerint
1053 1513 1105 1560 etc.
1137 1503 1198 1557 ltem
1217 1506 1270 1557 vita
1289 1513 1315 1558 et

120 1573 267 1642 benignitas
296 1575 369 1642 regis
395 1571 521 1634 ludovici
550 1571 686 1640 exponitur
711 1577 737 1621 et
766 1568 894 1635 laudatur,
922 1584 989 1636 quae
1020 1570 1091 1624 illum
1118 1573 1151 1626 nd
1181 1575 1314 1627 interitum

122 1643 244 1711 perduxit
261 1673 1311 1700 .........................
1330 1641 1382 1697 194

464 1885 668 1984 LIBER
695 1886 1018 1992 QUARTUS.

86 2097 143 2162 De
173 2072 331 2159 electione
359 2088 543 2158 archidncic
565 2088 719 2156 Austriae
740 2089 943 2158 Ferdinandi
970 2093 1005 2158 in
1027 2112 1138 2180 regom
1163 2099 1194 2157 et
1217 2090 1394 2183 dominum

86 2207 186 2294 regni
214 2204 402 2287 Bohemiae,
426 2210 460 2269 et
483 2224 566 2291 quae
587 2211 732 2292 tempore
755 2203 902 2290 ejusdem
933 2205 1103 2292 regiminis
1132 2204 1221 2271 domi
1242 2204 1388 2289 forisque

86 2319 177 2385 facta
198 2319 270 2383 sint.
294 2317 377 2382 Item
399 2315 440 2381 de
462 2315 677 2403 despectuosa
698 2316 898 2405 relegatione
912 2318 1000 2386 Galli
1017 2317 1193 2401 Uzahcrac,
1217 2338 1277 2405 pro
1301 2331 1382 2381 tunc

93 2429 377 2514 administratoris,
412 2451 455 2495 ex
482 2418 635 2495 omnibus
668 2430 765 2496 terris
798 2431 930 2517 regiis5
960 2433 1038 2497 item
1067 2432 1215 2518 magistri
1243 2429 1382 2496 loannis

90 2543 215 2611 Passek
239 2565 283 2610 ex
307 2529 440 2610 civitate
462 2541 621 2629 Pragenai
644 2552 676 2608 et
699 2543 740 2609 de
762 2543 835 2610 aliia
858 2543 971 2610 multis
983 2567 1085 2634 usque
1097 2544 1139 2611 ad
1151 2544 1249 2610 finem
1264 2543 1380 2609 borum

523 2655 719 2723 tumultuum
741 2658 965 2746 Pragensium.

659 2812 767 2903 Caput
788 2817 815 2880 1.
1330 2757 1392 2810 pag.

90 2902 119 2957 ln
139 2917 192 2971 quo
209 2909 320 2966 notatur,
340 2897 410 2968 quod
438 2905 498 2966 post
521 2908 630 2953 mortem
654 2906 723 2977 rogis
749 2903 876 2956 Lndovici
895 2902 1003 2957 Bobemi
1030 2905 1133 2956 comitia
1162 2900 1318 2955 celebranda

127 2972 308 3024 constituerint
326 2971 351 3020 in
370 2982 431 3020 arce
448 2966 578 3038 Pragensi.
614 2968 677 3024 ltenr
697 2973 829 3040 quomodo
857 2972 973 3040 sepultus
993 2971 1072 3025 fuerit
1095 2988 1141 3025 rex
1159 2971 1318 3024 ludovicus.

128 3040 242 3093 Tandem
261 3039 293 3091 de
313 3038 443 3090 electione
461 3039 523 3090 novi
540 3040 611 3108 regia
624 3038 800 3105 Ferdinandi3
815 3043 879 3094 item
898 3040 931 3093 de
950 3040 1100 3094 dimissione
1120 3055 1152 3092 ex
1165 3037 1316 3092 carceribus

128 3111 215 3163 fratris
232 3108 343 3161 blathiae
363 3104 431 3159 1526
448 3143 1317 3167 .....................
1337 3105 1391 3161 198

657 3176 765 3270 Oaput
785 3179 817 3244 2.

94 3266 124 3321 ln
143 3281 194 3334 quc
213 3265 356 3316 insinnatur
380 3262 413 3314 de
431 3262 544 3330 quodam
570 3264 706 3320 secerdote
725 3267 884 3333 Hieronymo
910 3266 1024 3336 parocho
1042 3265 1076 3318 ad
1094 3265 1120 3320 S.
1139 3265 1250 3339 Gallum,
1278 3263 1322 3332 qui

131 3338 219 3388 literas
238 3336 341 3402 scripsit
360 3332 432 3384 fratri
449 3330 574 3400 lletblae,
593 3347 625 3386 ex
644 3337 792 3389 carceribus
812 3336 917 3388 dimisso
965 3370 1318 3393 .........
1338 3332 1391 3389 200

665 3402 773 3494 Caput
792 3404 822 3468 3.

99 3493 149 3546 Ubi
168 3491 288 3572 scribitur
306 3503 459 3558 responsum
478 3485 563 3542 fratris
581 3488 691 3548 lletbine
710 3493 743 3546 ad
761 3494 848 3547 literas
866 3491 1055 3561 suprascriptus
1073 3501 1115 3547 etc
1117 3529 1322 3552 ......
1342 3487 1394 3543 202

662 3559 770 3651 Caput
790 3561 821 3628 4

96 3646 221 3713 Ejusdem
240 3646 324 3699 fratris
342 3643 453 3698 tiathire
470 3643 600 3696 literarum
620 3651 778 3702 continuatio
797 3684 1321 3705 .............
1341 3647 1395 3704 204

669 3716 776 3806 Caput
798 3718 827 3784 5.

100 3801 269 3856 Continuatio
286 3798 416 3855 literarum
434 3798 519 3853 fratris
539 3799 650 3860 llatbtae
668 3840 1320 3862 ................
1340 3805 1394 3861 205

659 3872 766 3963 Caput
786 3874 818 3940 o.

98 3959 162 4014 ltem
182 3957 363 4008 continuantur
378 3955 470 4009 literne
499 3954 583 4012 fratris
606 3960 725 4016 biatbiae.
760 3962 826 4015 ltem
853 3961 887 4014 de
914 3959 1026 4030 quodem
1044 3961 1152 4015 Nicoleo
1171 3960 1318 4026 Wietenei‚

133 4037 159 4083 ct
178 4024 253 4078 Clara
272 4025 349 4079 vidue
397 4060 1315 4090 ......................
1334 4030 1387 4086 207

665 4098 773 4188 Caput
796 4100 823 4166 7.

99 4183 149 4236 Ubi
168 4183 311 4234 insinuatur
330 4182 362 4234 de
381 4183 425 4236 illo
443 4180 552 4235 Nicolno
573 4183 711 4240 Wietenai
728 4195 755 4240 et
774 4186 849 4240 Clara
868 4201 1012 4240 oeconoma
1030 4187 1095 4256 ejus,
1114 4189 1159 4256 qui
1177 4188 1202 4240 in
1221 4188 1320 4240 curiam

137 4253 223 4303 vocati
250 4266 336 4302 coram
356 4252 474 4304 omnibus
492 4251 565 4304 laicis
584 4263 609 4306 et
629 4256 731 4310 clericis
760 4259 787 4310 in
805 4272 898 4325 magno
917 4271 1025 4308 numero
1045 4257 1208 4326 congregatis
1229 4257 1320 4309 edixe-

133 4322 183 4372 rint
202 4328 227 4371 et
246 4336 321 4387 quam
340 4320 420 4373 tidem
439 4322 551 4389 professi
569 4322 673 4395 fuerint,
691 4326 736 4383 ubi
766 4324 862 4377 domini
889 4324 967 4378 Pilati
983 4340 1087 4393 semper
1119 4327 1181 4378 olias
1212 4328 1328 4395 aliasque

132 4390 300 4512 puapstiontes
318 4389 366 4443 illis
385 4399 585 4461 proposuerunt,
615 4402 641 4447 et
659 4395 730 4463 quod
746 4392 823 4446 simul
849 4393 954 4460 qnidam
984 4393 1109 4446 sacerdos
1129 4394 1241 4449 eundem
1262 4398 1328 4450 male
1343 4461 1396 4519 210

144 4473 186 4508 rac
199 4473 270 4510 sven
336 4498 342 4510 .
411 4496 1324 4521 ......................

100 4613 150 4666 Ubi
169 4621 290 4682 nermtur,
308 4617 369 4666 dum
387 4613 511 4668 Nicotaus
529 4615 668 4672 Wietenai
684 4628 712 4671 ct
730 4616 804 4670 Clare
823 4616 856 4669 ad
875 4616 1030 4685 supplicium
1049 4585 1245 4688 ductilucrunt,
1265 4621 1329 4690 quid

136 4683 236 4733 cuidam
256 4685 361 4734 domino
378 4681 472 4750 llpnek
492 4685 673 4755 Terbnowsky
690 4689 839 4757 contigerit3
868 4687 943 4739 simul
964 4685 1048 4754 qualis
1079 4693 1223 4744 constantie
1241 4692 1330 4757 luerit,

138 4765 197 4802 cum
215 4751 385 4807 admiratione
403 4755 562 4825 percipietur
580 4790 1070 4819 ............
1104 4769 1117 4810 t
1155 4793 1345 4813 .....
1351 4757 1414 4806 Ἧι
