2948 5040
81 322 117 379 et
138 311 296 378 debonis
329 310 397 376 suis
419 308 605 396 ejectiones,
627 306 670 373 ad
690 305 750 373 illa
776 305 980 390 accedentes,
1014 327 1088 375 cum
1120 307 1203 375 hacc
1223 311 1372 381 voluntas

80 416 172 503 regis
194 416 246 499 sit,
267 423 305 481 ut
325 413 367 480 de
388 412 440 479 his
462 410 634 479 discordiis
666 410 881 477 amicabiliter
902 419 1027 499 agatur,
1058 411 1145 499 quod
1165 413 1248 481 nihil
1268 417 1375 483 immi·

82 520 142 587 nui
162 518 229 587 illis
249 515 377 601 debeat,
408 517 436 583 si
456 515 538 604 ¹quid
558 514 914 599 debitum,'honestum
940 525 973 582 et
1000 504 1158 604 possibile
1186 521 1376 608 contingere

83 634 120 693 et
141 622 291 692 accidere
312 621 465 708 deberet3
488 620 547 688 ubi
568 620 640 688 illos
673 628 741 687 tota
762 622 975 689 communitas
1003 624 1112 710 quiete
1141 633 1175 695 et
1194 629 1377 698 amicabili·

84 739 136 797 ter
156 727 360 812 audiverunt,
389 726 522 793 andem
551 726 637 793 votis
668 725 754 792 inter
787 748 823 792 se
858 724 943 792 datis
975 728 1171 796 unanimiter
1199 741 1232 798 et
1263 746 1378 822 pacata

86 856 200 902 omnes
222 835 258 900 in
279 831 343 899 hoc
364 838 593 915 convenerunt,
620 838 730 897 utres
752 829 834 896 hacc
863 831 990 898 senatui
1010 833 1045 899 in
1074 843 1268 921 potestatem
1288 838 1380 907 defe-

86 948 188 1024 ratur,
210 945 247 1004 ut
268 959 342 1004 cum
365 936 490 1003 eisdem
511 943 620 1024 agant,
642 943 806 1023 rogantes,
827 944 863 1002 ut
883 935 1025 1005 finaliter
1045 941 1228 1026 terminent,
1261 942 1381 1011 adden·

87 1054 151 1129 tes,
174 1040 261 1133 quod
281 1064 349 1109 non
368 1050 493 1108 tantum
515 1064 590 1108 cum
611 1040 763 1109 exulibus
778 1036 969 1109 concordari
990 1051 1024 1109 et
1043 1048 1247 1134 comportari,
1268 1070 1382 1116 verum

88 1152 189 1219 etiam
222 1170 298 1215 cum
320 1146 472 1214 omnibus
503 1147 670 1237 tranquilli
706 1156 738 1214 et
770 1148 872 1235 quieti
906 1170 978 1215 esse
1006 1149 1115 1217 velint
1139 1160 1173 1218 et
1206 1153 1383 1221 amicitiam

79 1256 212 1325 'bonam
234 1274 366 1319 servare
387 1252 568 1319 intendant
611 1252 656 1318 Et
677 1250 755 1319 dum
776 1253 823 1319 ita
845 1252 999 1321 conclusa
1020 1253 1159 1322 fuissent
1180 1266 1213 1321 et
1233 1256 1296 1325 hoc
1316 1280 1384 1324 res·

88 1381 230 1452 pansum
252 1355 529 1423 dcmincHlawsa
550 1376 624 1423 cum
646 1356 720 1423 aliis
741 1355 919 1441 dedissent,
940 1357 1132 1426 redivernnt
1143 1361 1261 1428 iterum
1282 1361 1385 1429 domi·

88 1487 153 1533 nus
175 1461 309 1535 Hlawsa
330 1484 404 1528 cum
435 1461 509 1530 aliis
543 1466 611 1531 suis
641 1462 685 1529 ad
717 1465 842 1530 curiam
862 1461 1213 1553 Vetere-Pragensem,
1243 1476 1277 1533 et
1308 1465 1386 1533 dum

91 1569 135 1637 cb
159 1567 322 1635 defectum
344 1576 523 1636 conventus
544 1568 644 1635 totius
673 1570 913 1635 communitatis
934 1570 970 1636 in
991 1571 1082 1637 curia
1103 1571 1223 1639 Vetere
1244 1571 1386 1658 Progen-

91 1661 122 1741 si
144 1672 228 1741 nihil
250 1672 379 1739 efficere
399 1674 574 1761 potuerint,
596 1671 792 1739 distulerrmt
811 1672 893 1740 haec
913 1674 949 1740 in
963 1675 1148 1762 proximum
1170 1673 1258 1741 diem
1280 1674 1386 1753 lunae,

92 1785 126 1845 et
147 1775 192 1843 ad
212 1775 402 1863 diligentem
424 1776 611 1843 citationem
641 1798 753 1842 eorum
783 1785 978 1844 conventum
1000 1778 1238 1845 communitatis
1268 1778 1304 1845 in
1323 1787 1387 1845 ter·

91 1883 175 1949 tiam
196 1880 284 1948 diem
305 1889 393 1947 ante·
413 1880 532 1947 festum
553 1879 672 1948 Sancti
685 1879 836 1966 Tiburtii,
870 1883 954 1961 sicut
975 1882 1081 1957 etiam,
1101 1881 1231 1949 illarum
1252 1891 1389 1971 quatuor

92 2008 307 2078 personarum
339 1984 519 2083 adventum
547 1993 580 2051 ct
609 1984 877 2074 compositionem
910 1987 1154 2055 constituerunt
1203 1985 1389 2074 Antequam

95 2113 176 2161 vero
210 2090 426 2157 communitas
447 2088 693 2156 Neo-Urbensis
722 2113 766 2158 ex
794 2091 884 2157 curia
913 2090 1129 2176 discessisset,
1162 2098 1231 2157 tum
1259 2099 1389 2158 senatus

91 2192 339 2263 NeoUrbensis
373 2216 416 2261 ex
437 2216 498 2261 suo
517 2193 626 2262 medio
658 2203 691 2261 et
719 2217 762 2262 ex
783 2197 1014 2265 communitate
1043 2192 1146 2263 etiam
1172 2201 1298 2261 certum
1329 2217 1388 2261 nu·

94 2320 220 2367 meram
250 2318 462 2386 personarum
494 2298 708 2382 insinuantes,
741 2298 829 2387 quod
856 2298 905 2365 illi
927 2300 962 2365 in
994 2298 1068 2365 hoc·
1088 2297 1231 2373 foederis
1258 2299 1389 2387 scripto,

98 2404 182 2490 quod
203 2403 325 2469 factum
345 2400 416 2485 fuit,
438 2402 523 2467 inter
545 2424 657 2469 omnes
678 2410 754 2490 post
775 2404 833 2470 hcs
854 2403 1019 2486 turnultus,
1052 2405 1109 2490 qui
1138 2402 1294 2491 descripti
1316 2411 1393 2469 suut

97 2509 133 2574 in
152 2507 236 2575 hhrc
265 2507 370 2594 primo
393 2528 462 2595 cap.
492 2507 555 2592 24,
578 2515 664 2574 stare
686 2517 719 2575 ot
746 2529 970 2596 perseverare,
1004 2530 1111 2598 neque
1133 2531 1169 2574 se
1192 2509 1290 2596 juxta
1310 2506 1392 2575 illud

95 2611 238 2701 dirigere
258 2611 370 2679 velint
436 2658 441 2669 ·

634 2803 781 2871 CAPUT
803 2808 854 2874 26.
919 2878 922 2885 ,

98 2981 162 3043 Ubi
183 2976 363 3054 insinuatur,
393 2981 463 3040 dam
484 2982 682 3042 communitas
704 2983 866 3060 Pragensis
896 2983 928 3040 in
952 2983 1062 3045 curiam
1092 2985 1184 3046 citata
1204 2986 1270 3057 fuit,
1302 2984 1394 3045 atde

98 3067 303 3137 transactione
332 3087 399 3127 cum
432 3069 569 3128 exulibus
591 3076 707 3146 agatur,
741 3086 830 3144 qnam
861 3065 1024 3130 difficulter
1044 3071 1159 3133 Passek
1192 3081 1223 3133 et
1255 3067 1341 3149 Zilia
1362 3070 1394 3128 in

100 3155 217 3216 curiam
247 3155 351 3214 venire
382 3157 516 3233 persuasi
554 3155 671 3215 fuerint.
727 3156 864 3216 Tandem
897 3159 998 3232 quales
1031 3159 1135 3220 literas
1168 3179 1187 3216 a
1222 3158 1395 3234 quibusdam

100 3243 273 3320 proceribus
295 3243 326 3300 in
349 3243 465 3303 curiam
487 3251 516 3301 et
537 3244 576 3302 ad
598 3243 838 3303 communitatem
860 3244 968 3305 missae
990 3243 1110 3309 tuerint.
1149 3245 1227 3305 Item
1248 3245 1396 3322 quomodo

100 3329 219 3389 Passek
241 3329 366 3389 sollicite
398 3328 643 3407 interpellaverit,
673 3338 707 3387 ut
727 3329 849 3391 insimul
878 3351 980 3393 omnes
1010 3333 1042 3392 in
1078 3333 1249 3411 subscripto
1277 3332 1397 3393 foedere

102 3424 303 3494 perseverent,
333 3424 369 3493 ,et
391 3435 458 3476 cum
491 3415 756 3477 Neo-arbensibus
789 3417 896 3477 iterum
931 3420 967 3478 de
989 3420 1100 3481 unione
1134 3427 1235 3498 agant,
1256 3440 1272 3479 e
1294 3424 1398 3478 contra

104 3520 181 3578 quac
202 3503 319 3563 Passek
341 3504 471 3564 adversa
492 3503 645 3581 suffragiis
667 3505 731 3563 suis
755 3504 857 3564 andire
888 3506 1033 3580 debuerit,
1056 3517 1178 3587 propter
1201 3524 1276 3582 quae
1299 3504 1398 3591 capite

457 3596 487 3674 et
506 3591 628 3653 auribus
650 3592 788 3652 demissis
810 3592 968 3653 incesserit
990 3600 1045 3654 etc.

192 3742 257 3807 Die
279 3741 375 3807 lunae
398 3741 526 3807 taudem
550 3743 752 3831 praescripto
783 3747 937 3811 convenit
959 3747 1173 3813 communitas
1207 3745 1243 3809 in
1277 3764 1398 3830 magno

106 3870 240 3913 numero
273 3849 307 3911 in
325 3848 421 3912 'curia
442 3847 747 3936 vetere-Fragras,
779 3849 875 3916 simul
898 3849 994 3916 etiam
1027 3851 1170 3938 supremi
1192 3846 1306 3933 turbae
1327 3868 1398 3912 ma·

107 3959 201 4048 gistri
223 3964 256 4021 et
277 3953 428 4032 authores
461 3952 559 4016 totius
582 3951 807 4037 fflssensionis,
840 3976 958 4042 nempe
980 3963 1047 4020 tota
1069 3953 1166 4021 turha
1195 3951 1253 4018 illa
1273 3948 1399 4017 Passek

107 4062 299 4142 adhaerens,
332 4055 427 4123 simul
450 4077 523 4120 cum
544 4057 616 4149 ipso
637 4057 771 4139 Passek,
802 4080 898 4146 quem
930 4057 1095 4147 adjutores
1125 4057 1195 4142 ejus
1217 4048 1254 4123 in
1276 4056 1400 4123 curiam
1469 4098 1473 4107 ·

107 4169 210 4235 ferme
231 4172 360 4255 portare
389 4158 581 4244 debuerunt,
615 4147 767 4228 incedere
801 4164 889 4229 enim
921 4170 999 4229 tunc
1017 4163 1089 4252 ipse
1122 4183 1188 4228 non
1204 4156 1336 4249 poterat
1357 4158 1400 4227 cb

107 4272 328 4340 infirmitatem
352 4287 452 4349 suam,
486 4273 518 4331 et
540 4287 659 4354 magno
682 4275 799 4333 conatu
820 4265 1030 4334 auxiliatores
1052 4268 1122 4356 ejus
1144 4288 1204 4356 pro
1225 4265 1283 4332 illo
1301 4265 1400 4331 miss·

108 4392 185 4454 runt
205 4384 240 4449 in
261 4374 406 4458 Tauiim,
429 4372 514 4462 quod
536 4372 658 4439 bonum
694 4374 725 4437 ei
758 4370 950 4460 pertinebat,
973 4372 1077 4440 tribus
1091 4369 1285 4447 milliaribus
1295 4369 1402 4456 Praga

109 4491 244 4569 distans,
278 4501 374 4570 quem
396 4464 712 4565 vix'psrsuaserunt,
745 4483 781 4542 ut
809 4498 845 4542 se
866 4476 1006 4563 Pragam
1036 4475 1116 4544 vehi
1132 4473 1288 4565 jusserit3
1326 4494 1401 4540 con-

109 4592 248 4665 scientia
285 4584 372 4653 enim
404 4581 537 4671 propria
572 4578 761 4648 remordens
793 4581 825 4646 ei
856 4578 970 4647 oberat
1006 4589 1038 4646 et
1069 4580 1113 4647 ad
1149 4576 1402 4667 comparendum

109 4688 292 4768 resistebat.
326 4689 411 4757 Nam
433 4709 626 4780 praegresso
648 4683 879 4773 dieMercurii,
899 4682 957 4753 ubi
976 4684 1012 4752 in
1034 4683 1264 4754 communitate
1286 4681 1408 4750 messe
