2948 5040
108 170 189 255 ἱ254

123 341 244 427 debuit,
286 354 383 406 mane
422 337 483 404 sub
529 338 607 404 solis
653 346 726 406 ortu
761 338 921 406 discessit.
980 338 1075 429 Zyka
1122 338 1219 406 etiam
1260 337 1326 406 hac
1361 339 1414 406 die

122 446 275 514 Mercurii
295 465 461 535 'praesens
491 464 557 509 non
590 443 725 528 aderat,
742 445 818 532 quia
845 454 914 509 tum
942 443 1128 511 Klattoviae
1159 444 1229 527 fuit,
1271 443 1328 532 qui
1360 443 1421 509 fnit

123 550 270 641 ejusdem
301 546 518 616 conscientiae
551 548 635 615 sicut
666 547 812 626 Passelr3
843 545 975 614 tandem
1005 570 1085 617 vero
1117 549 1171 617 die
1202 550 1299 617 lunae
1323 548 1420 615 ambo

121 657 157 723 in
193 655 421 722 communitate
457 660 712 739 comparuerunt.
768 650 898 717 Interea
934 652 1047 719 literae
1082 655 1201 721 missae
1222 654 1357 720 fuerunt
1379 652 1420 720 ad

122 759 382 827 communitatem
412 778 432 822 a
468 755 626 843 supremis
660 757 754 843 regni
786 756 974 844 capitaneis,
995 774 1122 847 'nempe
1155 757 1330 826 adomino
1353 759 1421 828 Ha-

122 870 225 930 nusch
257 861 375 949 Pflugh
410 859 458 926 de·
480 867 571 928 statu
603 861 770 945 baronum,
795 868 828 926 et
858 882 879 925 a
900 859 1030 927 domino
1052 860 1421 955 Jaroslav'Brosansky

123 972 165 1039 de
188 979 272 1037 statu
295 969 445 1058 equestri.
472 967 593 1033 Missae
615 967 712 1049 etiam
731 965 863 1031 fuerunt
884 962 995 1030 literae
1019 965 1223 1054 singulariter
1243 990 1264 1035 a
1286 968 1421 1036 domino

122 1075 302 1143 Adalbcrto
335 1072 377 1138 de
398 1072 579 1154 Pernstein,
602 1091 753 1157 supremo
788 1067 884 1155 regni
904 1067 1078 1156 praefecto,
1101 1073 1137 1137 in
1157 1070 1245 1137 hunc
1275 1076 1418 1157 sensum,

121 1189 159 1246 ut
179 1176 354 1267 tranquille
375 1177 565 1262 transigant,
589 1183 622 1240 et
643 1170 944 1262 procoucordiaet
964 1171 1121 1241 charitate
1144 1176 1299 1263 suffragia
1311 1175 1418 1263 edant,

121 1283 314 1374 praesertim
335 1280 423 1370 qnod
446 1281 570 1347 attinet
582 1278 817 1345 transactiones
839 1278 1018 1345 interillos
1048 1279 1224 1364 eternales,
1249 1302 1324 1346 cnm
1345 1281 1419 1347 talis

122 1391 165 1456 sit
193 1387 341 1456 voluntas
363 1385 462 1472 regia
506 1382 653 1450 Tandem
685 1381 814 1470 quando
844 1381 945 1449 delati
977 1382 1109 1449 fueram
1128 1382 1222 1449 multi
1243 1384 1417 1451 articulia

116 1502 233 1559 senatu
260 1492 304 1559 ad
334 1488 608 1571 communitatem,
643 1485 739 1552 simul
759 1487 869 1553 'etiam
901 1485 944 1552 de
964 1484 1031 1552 illis
1055 1495 1191 1575 quatuor
1211 1490 1364 1576 personis
1388 1498 1419 1555 et

115 1597 314 1662 insinuatum
347 1593 389 1660 de
420 1593 549 1659 illorum
582 1593 617 1657 in
640 1591 729 1656 curia
761 1591 946 1678 praesentia
968 1597 1001 1654 et
1021 1592 1188 1678 petitione,
1209 1600 1245 1657 ut
1266 1592 1309 1659 ad
1334 1616 1417 1659 com·

116 1701 308 1766 munitatem
329 1698 549 1780 admittantur,
570 1694 759 1782 ibidemque
781 1717 839 1760 sua
861 1695 1260 1784 necessaria'proponant.
1290 1697 1417 1791 Passek

115 1825 195 1872 vero
216 1804 395 1892 proposuit,
416 1809 454 1868 ut
475 1801 579 1888 primo
602 1799 644 1866 de
666 1798 818 1865 articulis·
833 1798 876 1864 ad
898 1799 1161 1865 communitatem
1183 1799 1312 1867 traditis
1341 1824 1417 1890 age·

115 1916 183 1995 tur3
216 1907 304 1995 quod
334 1909 385 1974 'ita
405 1906 527 1972 factum
560 1905 630 1988 fuit,
661 1903 748 1992 quod
783 1905 819 1968 in
856 1902 1050 1989 quibusdam
1071 1902 1169 1970 rebus
1192 1907 1415 1993 convenerint,

115 2014 306 2103 praesertim
340 2021 447 2079 autem
470 2031 570 2097 agere
599 2017 677 2075 tunc
698 2007 872 2074 voluerunt
902 2006 1092 2085 dedosane
1114 2008 1259 2088 Karban‚
1282 2019 1320 2076 ut
1343 2033 1417 2078 enm

115 2124 235 2206 cogant
257 2117 300 2183 ad
329 2116 501 2183 ratiocinia
545 2112 738 2201 deponenda
771 2112 812 2178 de
848 2110 944 2177 bonis
980 2111 1260 2190 Pieroviensibus,
1290 2113 1417 2202 ‘quibus

115 2221 255 2289 eundem
276 2219 372 2287 turba
392 2219 449 2284 illa
470 2215 668 2284 tumultuosa
689 2215 818 2303 Passelr
839 2213 1020 2280 adhaerens
1049 2214 1165 2283 lubens
1187 2217 1366 2304 privasset,
1391 2218 1418 2282 si

114 2326 186 2393 fieri
218 2325 384 2415 potuisset,
409 2321 467 2388 sed
494 2320 591 2405 -haec,
616 2321 700 2386 sieut
721 2329 754 2386 et
775 2320 840 2387 alie.
860 2319 926 2385 illis
962 2340 1028 2384 non
1051 2329 1286 2387 successerunt
1330 2321 1419 2388 Tan·

115 2431 190 2498 dem
211 2451 290 2496 vero
311 2427 475 2512 maximae
499 2424 718 2494 dissensiones
740 2425 869 2492 fuerunt
905 2425 947 2492 de
976 2427 1097 2514 scripta
1127 2425 1185 2492 illa
1206 2425 1427 2494 confoedera-

113 2536 202 2602 tione
233 2554 332 2623 supra
352 2531 527 2614 nominata,
557 2528 614 2596 ubi
643 2529 769 2596 Passek
792 2531 966 2618 diligenter
996 2529 1202 2614 admonebat,
1230 2537 1268 2596 ut
1300 2532 1338 2597 in
1361 2531 1414 2599 illo·

112 2637 245 2705 foedere
287 2637 473 2725 persistant,
504 2634 581 2720 quia
614 2642 716 2700 totum
751 2634 998 2700 fundamentum
1040 2637 1110 2723 ejus
1146 2637 1182 2702 in
1216 2635 1273 2703 illc
1311 2636 1412 2704 fuerat

62 2804 66 2811 .
114 2743 244 2831 scripto,
268 2741 407 2806 sicut-et
429 2737 543 2805 turbae
565 2736 662 2822 illius,
687 2739 779 2803 utin
800 2739 968 2827 prophetis
990 2736 1097 2824 falsis3
1122 2739 1192 2806 sine
1214 2764 1316 2808 causa
1337 2762 1415 2809 vero

113 2846 195 2913 haec
216 2855 282 2911 non
303 2843 451 2932 urgebat.
494 2843 578 2909 Nam
610 2842 653 2908 ad
675 2841 737 2909 hoc
759 2843 874 2910 foedus
898 2868 971 2912 cum
994 2841 1060 2909 suis
1083 2844 1338 2912 adhaerentibus
1361 2867 1415 2934 po·

112 2950 224 3040 pulum
254 2949 350 3037 hujus
383 2948 625 3015 communitatis
658 2948 830 3035 persuasit,
853 2958 889 3016 ut
911 2950 965 3018 hic
986 2952 1111 3037 foederi
1133 2949 1294 3017 accedant
1314 2971 1416 3016 manu

113 3052 266 3143 stipulata
288 3059 378 3119 tanta
398 3050 565 3135 violentia,
588 3052 642 3116 cui
663 3050 772 3118 nullus
794 3053 946 3122 resistere
967 3058 1080 3144 potuit,
1104 3053 1336 3142 si‘periculum
1349 3055 1414 3122 evi-

112 3167 182 3225 tare
203 3156 319 3242 voluit3
342 3157 448 3244 primo
470 3158 547 3242 quia
569 3155 722 3222 continuo
753 3156 851 3245 longo
874 3169 1021 3248 tempore
1042 3161 1077 3225 in
1100 3161 1190 3226 curia
1209 3158 1330 3225 milites
1355 3160 1414 3226 sti-

112 3260 299 3353 pendiarios
337 3260 502 3346 fovebant,
526 3259 643 3348 quibus
675 3262 796 3351 populo
818 3271 974 3331 terrorem
996 3264 1206 3332 incutiebant
1249 3262 1413 3348 Secundo,

118 3367 206 3454 quod
227 3388 368 3456 poenam
390 3365 623 3450 constituerint,
646 3367 702 3452 qui
724 3365 802 3432 huic
823 3367 948 3436 foederi
980 3354 1154 3454 resisteret,
1176 3376 1232 3435 aut
1254 3390 1291 3434 se
1312 3388 1413 3457 oppo-

115 3479 219 3555 neret,
243 3480 279 3537 ut
301 3464 426 3558 absque
448 3490 540 3537 mora
562 3492 580 3535 e
603 3471 736 3537 civitate
758 3474 1001 3543 exterminetur.
1044 3477 1158 3564 Itaque
1189 3472 1289 3539 variis
1312 3480 1412 3539 terro

115 3575 206 3643 ribus
230 3575 273 3642 ad
294 3575 377 3641 haec
400 3583 432 3640 et
453 3575 517 3640 alia
538 3574 694 3662 populum
716 3574 885 3663 cogebant,
908 3588 944 3644 ut
964 3603 1024 3669 per
1044 3583 1111 3649 vim
1133 3577 1176 3646 ad
1197 3577 1316 3654 omnia,
1328 3599 1413 3664 quae

112 3679 178 3746 illis
200 3680 401 3768 placuerunt,
439 3680 542 3745 coacti
576 3679 707 3762 fuerint,
729 3680 855 3748 occulte
878 3704 936 3748 sua
951 3687 1090 3774 propria
1119 3684 1170 3750 his
1192 3679 1411 3765 intendentes,

112 3805 179 3849 non
200 3782 408 3849 recordantes
441 3781 529 3847 illius
553 3782 709 3869 sapientis
731 3781 830 3849 dicti:
853 3784 986 3852 Nullum
1008 3789 1199 3879 injuriosum
1231 3784 1410 3853 violentum

112 3894 314 3976 perpetuum.
372 3886 529 3974 lnjuriam
563 3907 641 3972 ergo
664 3885 784 3974 injuria
806 3888 1087 3959 confirmaverunt.

198 3991 309 4059 Primo
339 3989 516 4057 violentam
544 3989 696 4076 injuriam
723 3991 900 4058 inferentes
934 3994 1094 4078 exulibus,
1126 4002 1237 4060 contra
1265 3994 1341 4062 illos
1376 3998 1410 4064 in

47 4108 50 4113 ’
113 4078 245 4162 loedere
279 4117 315 4161 se
350 4093 618 4182 subscripserunt,
652 4095 757 4163 ne-ab
781 4095 842 4182 his,
878 4119 961 4185 quac
984 4099 1220 4176 concluserunt,
1242 4099 1411 4180 recedant,

112 4198 269 4265 honorem
292 4220 385 4264 suum
407 4199 442 4262 in
462 4196 513 4262 his
537 4196 737 4284 obligantes.
773 4198 921 4267 Tandem
940 4201 1028 4269 'hanc
1058 4204 1210 4291 injuriam
1231 4203 1411 4271 violentam

114 4303 248 4390 reliquis
284 4303 404 4390 injuria
426 4300 673 4386 confirmarunt,
686 4312 851 4391 ¹cogentes
885 4305 965 4372 alios
988 4307 1031 4372 ad
1063 4306 1148 4374 hanc
1178 4306 1357 4375 tassionem
1381 4318 1414 4377 et

115 4405 264 4472 effectum
286 4404 383 4493 hujus
404 4404 555 4472 foederis.
598 4404 743 4495 Ideoque
765 4408 942 4476 secundum
964 4411 1087 4477 dictum
1108 4412 1294 4478 Aristotelis
1327 4412 1413 4481 illud

113 4531 227 4576 verum
257 4518 326 4574 est:
355 4531 518 4577 venenum
547 4531 613 4575 non
646 4513 715 4598 agit
749 4512 784 4577 in
808 4534 842 4578 se
863 4500 1059 4602 ipsum3'sic
1089 4516 1193 4582 ethis
1215 4539 1316 4603 grave
1338 4519 1412 4604 fuit,

113 4634 134 4679 a
155 4614 214 4681 tali
235 4614 359 4687 malitia
381 4623 414 4680 et
435 4614 556 4707 injuria
575 4615 739 4694 recedere,
763 4639 805 4684 ne
828 4616 892 4684 sibi
913 4621 993 4708 ipsis
1016 4621 1081 4687 sint
1110 4622 1274 4690 contrarii.
1319 4621 1410 4688 Dum

107 4717 241 4785 andem
262 4741 284 4786 a
303 4718 435 4790 Passek
459 4728 491 4793 st
514 4721 584 4809 ejus
605 4718 856 4790 adhaerentibus
877 4721 919 4790 de
951 4724 1013 4793 hoc
1035 4725 1156 4814 scripto
1177 4722 1312 4794 foedere
1333 4748 1412 4816 age·
