<?xml version="1.0" encoding="UTF-8"?>
<!DOCTYPE html PUBLIC "-//W3C//DTD XHTML 1.0 Transitional//EN"
    "http://www.w3.org/TR/xhtml1/DTD/xhtml1-transitional.dtd">
<html xmlns="http://www.w3.org/1999/xhtml" xml:lang="en" lang="en">
 <head>
  <title>
</title>
<meta http-equiv="Content-Type" content="text/html;charset=utf-8" />
  <meta name='ocr-system' content='tesseract 3.04.00' />
  <meta name='ocr-capabilities' content='ocr_page ocr_carea ocr_par ocr_line ocrx_word'/>
</head>
<body>
  <div class='ocr_page' id='page_1' title='image "./desbartholomusv00bartgoog_0292.png"; bbox 0 0 2880 5070; ppageno 0'>
   <div class='ocr_carea' id='block_1_1' title="bbox 115 148 181 247">
    <p class='ocr_par' dir='ltr' id='par_1_1' title="bbox 115 148 181 247">
     <span class='ocr_line' id='line_1_1' title="bbox 115 148 181 247; baseline 0 -32"><span class='ocrx_word' id='word_1_1' title='bbox 115 148 181 247; x_wconf 82' lang='lat' dir='ltr'>aro</span> 
     </span>
    </p>
   </div>
   <div class='ocr_carea' id='block_1_2' title="bbox 112 312 1290 4810">
    <p class='ocr_par' dir='ltr' id='par_1_2' title="bbox 112 312 1290 1759">
     <span class='ocr_line' id='line_1_2' title="bbox 112 312 1290 400; baseline -0.002 -15"><span class='ocrx_word' id='word_1_2' title='bbox 112 318 199 397; x_wconf 86' lang='lat' dir='ltr'>malo</span> <span class='ocrx_word' id='word_1_3' title='bbox 221 323 254 382; x_wconf 89' lang='lat' dir='ltr'>et</span> <span class='ocrx_word' id='word_1_4' title='bbox 274 313 429 399; x_wconf 88' lang='lat' dir='ltr'>indebito,</span> <span class='ocrx_word' id='word_1_5' title='bbox 462 314 509 379; x_wconf 89' lang='lat' dir='ltr'>ita</span> <span class='ocrx_word' id='word_1_6' title='bbox 536 314 619 380; x_wconf 87' lang='lat' dir='ltr'>sicut</span> <span class='ocrx_word' id='word_1_7' title='bbox 651 313 742 400; x_wconf 90' lang='lat' dir='ltr'>prius</span> <span class='ocrx_word' id='word_1_8' title='bbox 775 312 817 378; x_wconf 86' lang='lat' dir='ltr'>de</span> <span class='ocrx_word' id='word_1_9' title='bbox 848 312 914 381; x_wconf 89' lang='lat' dir='ltr'>illis</span> <span class='ocrx_word' id='word_1_10' title='bbox 942 314 1157 384; x_wconf 74' lang='grc' dir='ltr'>ιιιιιιιιιιιιιι·</span> <span class='ocrx_word' id='word_1_11' title='bbox 1187 338 1244 385; x_wconf 88' lang='lat' dir='ltr'>cun</span> <span class='ocrx_word' id='word_1_12' title='bbox 1264 345 1290 392; x_wconf 79' lang='lat' dir='ltr'>n</span> 
     </span>
     <span class='ocr_line' id='line_1_3' title="bbox 113 417 1290 510; baseline 0 -20"><span class='ocrx_word' id='word_1_13' title='bbox 113 423 292 504; x_wconf 84' lang='lat' dir='ltr'>honestate,</span> <span class='ocrx_word' id='word_1_14' title='bbox 314 421 347 485; x_wconf 91' lang='lat' dir='ltr'>in</span> <span class='ocrx_word' id='word_1_15' title='bbox 370 441 522 507; x_wconf 85' lang='lat' dir='ltr'>magnam</span> <span class='ocrx_word' id='word_1_16' title='bbox 544 417 719 485; x_wconf 88' lang='lat' dir='ltr'>multorum</span> <span class='ocrx_word' id='word_1_17' title='bbox 740 417 991 487; x_wconf 79' lang='lat' dir='ltr'><strong>admirationem</strong></span> <span class='ocrx_word' id='word_1_18' title='bbox 1015 419 1120 510; x_wconf 91' lang='lat' dir='ltr'>(quod</span> <span class='ocrx_word' id='word_1_19' title='bbox 1140 432 1219 490; x_wconf 90' lang='lat' dir='ltr'>certe</span> <span class='ocrx_word' id='word_1_20' title='bbox 1233 428 1290 498; x_wconf 70' lang='lat' dir='ltr'>ads</span> 
     </span>
     <span class='ocr_line' id='line_1_4' title="bbox 114 522 1290 615; baseline 0.002 -21"><span class='ocrx_word' id='word_1_21' title='bbox 114 526 191 594; x_wconf 91' lang='lat' dir='ltr'>dum</span> <span class='ocrx_word' id='word_1_22' title='bbox 212 522 283 611; x_wconf 83' lang='lat' dir='ltr'>fuit,</span> <span class='ocrx_word' id='word_1_23' title='bbox 315 524 408 615; x_wconf 79' lang='lat' dir='ltr'>quod</span> <span class='ocrx_word' id='word_1_24' title='bbox 423 522 519 610; x_wconf 91' lang='lat' dir='ltr'>lupus</span> <span class='ocrx_word' id='word_1_25' title='bbox 540 522 634 589; x_wconf 86' lang='lat' dir='ltr'>ferox</span> <span class='ocrx_word' id='word_1_26' title='bbox 655 523 691 598; x_wconf 88' lang='lat' dir='ltr'>in</span> <span class='ocrx_word' id='word_1_27' title='bbox 713 545 835 610; x_wconf 86' lang='lat' dir='ltr'>agnum</span> <span class='ocrx_word' id='word_1_28' title='bbox 855 532 1063 599; x_wconf 81' lang='lat' dir='ltr'>mansuetum</span> <span class='ocrx_word' id='word_1_29' title='bbox 1085 528 1252 598; x_wconf 87' lang='lat' dir='ltr'>immutatos</span> <span class='ocrx_word' id='word_1_30' title='bbox 1282 543 1290 605; x_wconf 75' lang='grc'>1</span> 
     </span>
     <span class='ocr_line' id='line_1_5' title="bbox 113 627 1290 721; baseline 0.003 -23"><span class='ocrx_word' id='word_1_31' title='bbox 113 630 208 703; x_wconf 82' lang='lat' dir='ltr'><strong>Finis</strong></span> <span class='ocrx_word' id='word_1_32' title='bbox 228 628 339 718; x_wconf 90' lang='lat' dir='ltr'>itaque</span> <span class='ocrx_word' id='word_1_33' title='bbox 361 628 498 705; x_wconf 81' lang='lat' dir='ltr'>dissidii</span> <span class='ocrx_word' id='word_1_34' title='bbox 514 650 586 693; x_wconf 89' lang='lat' dir='ltr'>esse</span> <span class='ocrx_word' id='word_1_35' title='bbox 609 627 700 710; x_wconf 89' lang='lat' dir='ltr'>solet,</span> <span class='ocrx_word' id='word_1_36' title='bbox 724 627 801 693; x_wconf 87' lang='lat' dir='ltr'>dum</span> <span class='ocrx_word' id='word_1_37' title='bbox 825 631 900 715; x_wconf 87' lang='lat' dir='ltr'>quis</span> <span class='ocrx_word' id='word_1_38' title='bbox 922 652 957 697; x_wconf 85' lang='lat' dir='ltr'>se</span> <span class='ocrx_word' id='word_1_39' title='bbox 978 632 1093 721; x_wconf 87' lang='lat' dir='ltr'>ipsum</span> <span class='ocrx_word' id='word_1_40' title='bbox 1111 632 1153 699; x_wconf 92' lang='lat' dir='ltr'>de</span> <span class='ocrx_word' id='word_1_41' title='bbox 1174 636 1290 711; x_wconf 73' lang='lat' dir='ltr'>menda</span> 
     </span>
     <span class='ocr_line' id='line_1_6' title="bbox 115 730 1290 828; baseline 0.003 -25"><span class='ocrx_word' id='word_1_42' title='bbox 115 737 207 825; x_wconf 80' lang='lat' dir='ltr'>guit3</span> <span class='ocrx_word' id='word_1_43' title='bbox 234 754 453 826; x_wconf 85' lang='lat' dir='ltr'>quaecunque</span> <span class='ocrx_word' id='word_1_44' title='bbox 487 731 573 798; x_wconf 88' lang='lat' dir='ltr'>enim</span> <span class='ocrx_word' id='word_1_45' title='bbox 605 730 646 797; x_wconf 90' lang='lat' dir='ltr'>de</span> <span class='ocrx_word' id='word_1_46' title='bbox 668 730 720 796; x_wconf 89' lang='lat' dir='ltr'>his</span> <span class='ocrx_word' id='word_1_47' title='bbox 743 740 775 798; x_wconf 93' lang='lat' dir='ltr'>et</span> <span class='ocrx_word' id='word_1_48' title='bbox 796 731 871 799; x_wconf 87' lang='lat' dir='ltr'>aliis</span> <span class='ocrx_word' id='word_1_49' title='bbox 892 734 1131 804; x_wconf 77' lang='lat' dir='ltr'>contumeliosa</span> <span class='ocrx_word' id='word_1_50' title='bbox 1152 741 1209 805; x_wconf 89' lang='grc' dir='ltr'>ιι</span> <span class='ocrx_word' id='word_1_51' title='bbox 1201 763 1290 828; x_wconf 63' lang='lat' dir='ltr'>ignor</span> 
     </span>
     <span class='ocr_line' id='line_1_7' title="bbox 117 812 1290 937; baseline 0.009 -32"><span class='ocrx_word' id='word_1_52' title='bbox 117 846 273 937; x_wconf 89' lang='lat' dir='ltr'>quantum</span> <span class='ocrx_word' id='word_1_53' title='bbox 295 838 367 933; x_wconf 73' lang='lat' dir='ltr'>tisri</span> <span class='ocrx_word' id='word_1_54' title='bbox 388 837 503 926; x_wconf 88' lang='lat' dir='ltr'>potuit,</span> <span class='ocrx_word' id='word_1_55' title='bbox 541 836 743 923; x_wconf 82' lang='lat' dir='ltr'>scripserunt</span> <span class='ocrx_word' id='word_1_56' title='bbox 775 845 808 902; x_wconf 88' lang='grc' dir='ltr'>ιι</span> <span class='ocrx_word' id='word_1_57' title='bbox 829 812 931 904; x_wconf 81' lang='lat' dir='ltr'>locuti</span> <span class='ocrx_word' id='word_1_58' title='bbox 954 848 1040 925; x_wconf 92' lang='lat' dir='ltr'>sunt,</span> <span class='ocrx_word' id='word_1_59' title='bbox 1064 865 1153 909; x_wconf 90' lang='lat' dir='ltr'>nunc</span> <span class='ocrx_word' id='word_1_60' title='bbox 1175 867 1210 912; x_wconf 87' lang='lat' dir='ltr'>ea</span> <span class='ocrx_word' id='word_1_61' title='bbox 1233 869 1290 916; x_wconf 71' lang='lat' dir='ltr'>ux</span> 
     </span>
     <span class='ocr_line' id='line_1_8' title="bbox 119 942 1290 1031; baseline 0.009 -22"><span class='ocrx_word' id='word_1_62' title='bbox 119 946 213 1010; x_wconf 83' lang='lat' dir='ltr'>simet</span> <span class='ocrx_word' id='word_1_63' title='bbox 235 950 430 1027; x_wconf 86' lang='lat' dir='ltr'>revocarunt</span> <span class='ocrx_word' id='word_1_64' title='bbox 459 949 492 1007; x_wconf 89' lang='lat' dir='ltr'>et</span> <span class='ocrx_word' id='word_1_65' title='bbox 527 942 830 1028; x_wconf 87' lang='lat' dir='ltr'>contempserunt</span> <span class='ocrx_word' id='word_1_66' title='bbox 820 965 856 1008; x_wconf 93' lang='lat' dir='ltr'>m</span> <span class='ocrx_word' id='word_1_67' title='bbox 887 966 1040 1031; x_wconf 81' lang='lat' dir='ltr'>magnam</span> <span class='ocrx_word' id='word_1_68' title='bbox 1074 947 1290 1022; x_wconf 77' lang='lat' dir='ltr'>admiration</span> 
     </span>
     <span class='ocr_line' id='line_1_9' title="bbox 116 1042 1290 1147; baseline 0.009 -32"><span class='ocrx_word' id='word_1_69' title='bbox 116 1049 198 1115; x_wconf 91' lang='lat' dir='ltr'>mini</span> <span class='ocrx_word' id='word_1_70' title='bbox 220 1048 319 1147; x_wconf 85' lang='lat' dir='ltr'>regis,</span> <span class='ocrx_word' id='word_1_71' title='bbox 343 1046 420 1112; x_wconf 92' lang='lat' dir='ltr'>dum</span> <span class='ocrx_word' id='word_1_72' title='bbox 443 1044 550 1115; x_wconf 89' lang='lat' dir='ltr'>eidem</span> <span class='ocrx_word' id='word_1_73' title='bbox 583 1042 665 1110; x_wconf 88' lang='lat' dir='ltr'>haec</span> <span class='ocrx_word' id='word_1_74' title='bbox 697 1047 883 1135; x_wconf 90' lang='lat' dir='ltr'>conscripta</span> <span class='ocrx_word' id='word_1_75' title='bbox 914 1070 935 1112; x_wconf 83' lang='lat' dir='ltr'>a</span> <span class='ocrx_word' id='word_1_76' title='bbox 956 1048 1180 1141; x_wconf 79' lang='lat' dir='ltr'>Pragensibus</span> <span class='ocrx_word' id='word_1_77' title='bbox 1200 1054 1290 1126; x_wconf 60' lang='lat' dir='ltr'>da&amp;</span> 
     </span>
     <span class='ocr_line' id='line_1_10' title="bbox 120 1145 1290 1245; baseline 0.003 -24"><span class='ocrx_word' id='word_1_78' title='bbox 120 1145 226 1221; x_wconf 80' lang='lat' dir='ltr'>hibita</span> <span class='ocrx_word' id='word_1_79' title='bbox 246 1153 385 1218; x_wconf 86' lang='lat' dir='ltr'>fuerunt.</span> <span class='ocrx_word' id='word_1_80' title='bbox 431 1147 589 1231; x_wconf 78' lang='lat' dir='ltr'>Quamvis</span> <span class='ocrx_word' id='word_1_81' title='bbox 617 1156 726 1215; x_wconf 90' lang='lat' dir='ltr'>tamen</span> <span class='ocrx_word' id='word_1_82' title='bbox 750 1170 785 1214; x_wconf 91' lang='lat' dir='ltr'>se</span> <span class='ocrx_word' id='word_1_83' title='bbox 808 1156 1047 1238; x_wconf 74' lang='lat' dir='ltr'>excusaverint,</span> <span class='ocrx_word' id='word_1_84' title='bbox 1082 1155 1290 1245; x_wconf 72' lang='lat' dir='ltr'>dicentesa,</span> 
     </span>
     <span class='ocr_line' id='line_1_11' title="bbox 120 1248 1290 1376; baseline 0.007 -53"><span class='ocrx_word' id='word_1_85' title='bbox 120 1256 173 1324; x_wconf 86' lang='lat' dir='ltr'>his</span> <span class='ocrx_word' id='word_1_86' title='bbox 193 1276 360 1376; x_wconf 79' lang='lat' dir='ltr'>nunquam</span> <span class='ocrx_word' id='word_1_87' title='bbox 384 1248 527 1319; x_wconf 84' lang='lat' dir='ltr'>similia</span> <span class='ocrx_word' id='word_1_88' title='bbox 525 1273 585 1339; x_wconf 92' lang='lat' dir='ltr'>per</span> <span class='ocrx_word' id='word_1_89' title='bbox 599 1273 736 1337; x_wconf 84' lang='lat' dir='ltr'>regnum</span> <span class='ocrx_word' id='word_1_90' title='bbox 758 1252 959 1341; x_wconf 71' lang='lat' dir='ltr'>scripserint,</span> <span class='ocrx_word' id='word_1_91' title='bbox 982 1257 1042 1323; x_wconf 92' lang='lat' dir='ltr'>sed</span> <span class='ocrx_word' id='word_1_92' title='bbox 1063 1259 1175 1326; x_wconf 89' lang='lat' dir='ltr'>solum</span> <span class='ocrx_word' id='word_1_93' title='bbox 1196 1262 1290 1332; x_wconf 66' lang='lat' dir='ltr'>de</span> 
     </span>
     <span class='ocr_line' id='line_1_12' title="bbox 119 1350 1290 1448; baseline 0.007 -20"><span class='ocrx_word' id='word_1_94' title='bbox 119 1359 216 1445; x_wconf 89' lang='lat' dir='ltr'>libus,</span> <span class='ocrx_word' id='word_1_95' title='bbox 245 1359 306 1448; x_wconf 77' lang='lat' dir='ltr'>¹qui</span> <span class='ocrx_word' id='word_1_96' title='bbox 325 1359 360 1423; x_wconf 90' lang='lat' dir='ltr'>in</span> <span class='ocrx_word' id='word_1_97' title='bbox 389 1355 455 1421; x_wconf 90' lang='lat' dir='ltr'>fide</span> <span class='ocrx_word' id='word_1_98' title='bbox 485 1377 520 1446; x_wconf 85' lang='lat' dir='ltr'>se</span> <span class='ocrx_word' id='word_1_99' title='bbox 545 1377 569 1444; x_wconf 77' lang='lat' dir='ltr'>a</span> <span class='ocrx_word' id='word_1_100' title='bbox 600 1350 736 1443; x_wconf 83' lang='lat' dir='ltr'>reliquis</span> <span class='ocrx_word' id='word_1_101' title='bbox 770 1368 963 1444; x_wconf 83' lang='lat' dir='ltr'>separarunt</span> <span class='ocrx_word' id='word_1_102' title='bbox 996 1371 1029 1427; x_wconf 87' lang='lat' dir='ltr'>at</span> <span class='ocrx_word' id='word_1_103' title='bbox 1062 1386 1098 1429; x_wconf 91' lang='lat' dir='ltr'>se</span> <span class='ocrx_word' id='word_1_104' title='bbox 1130 1388 1290 1436; x_wconf 70' lang='lat' dir='ltr'>conv&lt;</span> 
     </span>
     <span class='ocr_line' id='line_1_13' title="bbox 119 1458 1290 1547; baseline 0.003 -14"><span class='ocrx_word' id='word_1_105' title='bbox 119 1464 312 1533; x_wconf 83' lang='lat' dir='ltr'>Pickhartas</span> <span class='ocrx_word' id='word_1_106' title='bbox 348 1459 537 1544; x_wconf 87' lang='lat' dir='ltr'>haereticos,</span> <span class='ocrx_word' id='word_1_107' title='bbox 570 1481 689 1547; x_wconf 86' lang='lat' dir='ltr'>nempe</span> <span class='ocrx_word' id='word_1_108' title='bbox 718 1461 803 1537; x_wconf 88' lang='lat' dir='ltr'>inter</span> <span class='ocrx_word' id='word_1_109' title='bbox 837 1458 952 1531; x_wconf 69' lang='lat' dir='ltr'>fiatres</span> <span class='ocrx_word' id='word_1_110' title='bbox 989 1466 1290 1541; x_wconf 64' lang='lat' dir='ltr'>boleslaviems</span> 
     </span>
     <span class='ocr_line' id='line_1_14' title="bbox 121 1562 1257 1653; baseline 0.003 -16"><span class='ocrx_word' id='word_1_111' title='bbox 121 1579 181 1637; x_wconf 91' lang='lat' dir='ltr'>etc.</span> <span class='ocrx_word' id='word_1_112' title='bbox 226 1567 335 1635; x_wconf 83' lang='lat' dir='ltr'>Sci&#39;tur</span> <span class='ocrx_word' id='word_1_113' title='bbox 364 1564 481 1649; x_wconf 81' lang='lat' dir='ltr'>lamen,</span> <span class='ocrx_word' id='word_1_114' title='bbox 513 1563 600 1653; x_wconf 91' lang='lat' dir='ltr'>quod</span> <span class='ocrx_word' id='word_1_115' title='bbox 631 1562 693 1630; x_wconf 60' lang='lat' dir='ltr'>illi*</span> <span class='ocrx_word' id='word_1_116' title='bbox 714 1587 826 1631; x_wconf 90' lang='lat' dir='ltr'>omnes</span> <span class='ocrx_word' id='word_1_117' title='bbox 860 1567 974 1633; x_wconf 84' lang='lat' dir='ltr'>exules</span> <span class='ocrx_word' id='word_1_118' title='bbox 1012 1570 1257 1644; x_wconf 76' lang='lat' dir='ltr'>indistincte</span> 
     </span>
     <span class='ocr_line' id='line_1_15' title="bbox 122 1659 1114 1759; baseline -0.001 -17"><span class='ocrx_word' id='word_1_119' title='bbox 122 1673 284 1753; x_wconf 88' lang='lat' dir='ltr'>conductu</span> <span class='ocrx_word' id='word_1_120' title='bbox 305 1666 490 1759; x_wconf 68' lang='lat' dir='ltr'>regie‘sine</span> <span class='ocrx_word' id='word_1_121' title='bbox 512 1659 707 1756; x_wconf 78' lang='lat' dir='ltr'>exceptione</span> <span class='ocrx_word' id='word_1_122' title='bbox 731 1669 959 1758; x_wconf 80' lang='lat' dir='ltr'>comprehensi</span> <span class='ocrx_word' id='word_1_123' title='bbox 979 1672 1114 1741; x_wconf 89' lang='lat' dir='ltr'>fuerint.</span> 
     </span>
    </p>

    <p class='ocr_par' dir='ltr' id='par_1_3' title="bbox 121 1768 1290 3002">
     <span class='ocr_line' id='line_1_16' title="bbox 207 1768 1223 1867; baseline 0.003 -24"><span class='ocrx_word' id='word_1_124' title='bbox 207 1776 357 1843; x_wconf 77' lang='lat' dir='ltr'>Tandem</span> <span class='ocrx_word' id='word_1_125' title='bbox 379 1775 476 1841; x_wconf 88' lang='lat' dir='ltr'>etiam</span> <span class='ocrx_word' id='word_1_126' title='bbox 498 1773 688 1840; x_wconf 88' lang='lat' dir='ltr'>indistincte</span> <span class='ocrx_word' id='word_1_127' title='bbox 719 1773 790 1838; x_wconf 91' lang='lat' dir='ltr'>sine</span> <span class='ocrx_word' id='word_1_128' title='bbox 823 1768 911 1841; x_wconf 87' lang='lat' dir='ltr'>omni</span> <span class='ocrx_word' id='word_1_129' title='bbox 933 1779 1132 1867; x_wconf 80' lang='lat' dir='ltr'>exceptione</span> <span class='ocrx_word' id='word_1_130' title='bbox 1167 1783 1223 1851; x_wconf 81' lang='lat' dir='ltr'>in</span> 
     </span>
     <span class='ocr_line' id='line_1_17' title="bbox 121 1875 1290 1979; baseline -0.001 -27"><span class='ocrx_word' id='word_1_131' title='bbox 121 1883 306 1971; x_wconf 85' lang='lat' dir='ltr'>Pragenses</span> <span class='ocrx_word' id='word_1_132' title='bbox 328 1880 363 1945; x_wconf 90' lang='lat' dir='ltr'>in</span> <span class='ocrx_word' id='word_1_133' title='bbox 385 1878 616 1945; x_wconf 88' lang='lat' dir='ltr'>communitate</span> <span class='ocrx_word' id='word_1_134' title='bbox 632 1885 672 1943; x_wconf 88' lang='lat' dir='ltr'>et</span> <span class='ocrx_word' id='word_1_135' title='bbox 693 1875 773 1944; x_wconf 92' lang='lat' dir='ltr'>alibi</span> <span class='ocrx_word' id='word_1_136' title='bbox 798 1888 919 1979; x_wconf 34' lang='lat' dir='ltr'>&#39;aperte</span> <span class='ocrx_word' id='word_1_137' title='bbox 941 1880 992 1971; x_wconf 37' lang='lat' dir='ltr'>„de</span> <span class='ocrx_word' id='word_1_138' title='bbox 1014 1883 1171 1951; x_wconf 87' lang='lat' dir='ltr'>omnibus</span> <span class='ocrx_word' id='word_1_139' title='bbox 1211 1905 1290 1977; x_wconf 67' lang='grc' dir='ltr'>ρ</span> 
     </span>
     <span class='ocr_line' id='line_1_18' title="bbox 121 1981 1290 2071; baseline 0.005 -15"><span class='ocrx_word' id='word_1_140' title='bbox 121 1988 251 2071; x_wconf 84' lang='lat' dir='ltr'>bantur,</span> <span class='ocrx_word' id='word_1_141' title='bbox 273 1985 442 2065; x_wconf 83' lang='lat' dir='ltr'>dicentes:</span> <span class='ocrx_word' id='word_1_142' title='bbox 488 1981 585 2064; x_wconf 81' lang='lat' dir='ltr'>Quod</span> <span class='ocrx_word' id='word_1_143' title='bbox 607 1981 656 2047; x_wconf 91' lang='lat' dir='ltr'>illi</span> <span class='ocrx_word' id='word_1_144' title='bbox 691 1981 805 2049; x_wconf 88' lang='lat' dir='ltr'>exules</span> <span class='ocrx_word' id='word_1_145' title='bbox 840 1994 915 2050; x_wconf 89' lang='lat' dir='ltr'>sunt</span> <span class='ocrx_word' id='word_1_146' title='bbox 945 2008 1018 2052; x_wconf 93' lang='lat' dir='ltr'>cnm</span> <span class='ocrx_word' id='word_1_147' title='bbox 1042 2011 1101 2055; x_wconf 90' lang='lat' dir='ltr'>suo</span> <span class='ocrx_word' id='word_1_148' title='bbox 1135 1992 1290 2061; x_wconf 58' lang='lat' dir='ltr'>sslvv</span> 
     </span>
     <span class='ocr_line' id='line_1_19' title="bbox 121 2083 1290 2188; baseline 0.004 -28"><span class='ocrx_word' id='word_1_149' title='bbox 121 2091 305 2181; x_wconf 83' lang='lat' dir='ltr'>imperfecti</span> <span class='ocrx_word' id='word_1_150' title='bbox 317 2098 397 2188; x_wconf 26' lang='lat' dir='ltr'>natu,</span> <span class='ocrx_word' id='word_1_151' title='bbox 419 2086 502 2153; x_wconf 91' lang='lat' dir='ltr'>nihil</span> <span class='ocrx_word' id='word_1_152' title='bbox 524 2084 613 2171; x_wconf 82' lang='lat' dir='ltr'>aliud</span> <span class='ocrx_word' id='word_1_153' title='bbox 634 2083 855 2174; x_wconf 85' lang='lat' dir='ltr'>intelligentes</span> <span class='ocrx_word' id='word_1_154' title='bbox 885 2090 1031 2176; x_wconf 87' lang='lat' dir='ltr'>perinde,</span> <span class='ocrx_word' id='word_1_155' title='bbox 1062 2095 1127 2161; x_wconf 90' lang='lat' dir='ltr'>nisi</span> <span class='ocrx_word' id='word_1_156' title='bbox 1152 2096 1290 2164; x_wconf 55' lang='lat' dir='ltr'>occiss</span> 
     </span>
     <span class='ocr_line' id='line_1_20' title="bbox 121 2188 1286 2288; baseline 0.008 -25"><span class='ocrx_word' id='word_1_157' title='bbox 121 2220 182 2288; x_wconf 89' lang='lat' dir='ltr'>per</span> <span class='ocrx_word' id='word_1_158' title='bbox 203 2188 342 2284; x_wconf 83' lang='lat' dir='ltr'>regnum</span> <span class='ocrx_word' id='word_1_159' title='bbox 363 2192 573 2287; x_wconf 85' lang='lat' dir='ltr'>perscriptas,</span> <span class='ocrx_word' id='word_1_160' title='bbox 593 2191 706 2285; x_wconf 24' lang='lat' dir='ltr'>,prout</span> <span class='ocrx_word' id='word_1_161' title='bbox 735 2193 806 2280; x_wconf 89' lang='lat' dir='ltr'>jam</span> <span class='ocrx_word' id='word_1_162' title='bbox 844 2191 886 2260; x_wconf 91' lang='lat' dir='ltr'>de</span> <span class='ocrx_word' id='word_1_163' title='bbox 914 2193 967 2260; x_wconf 91' lang='lat' dir='ltr'>bis</span> <span class='ocrx_word' id='word_1_164' title='bbox 999 2197 1035 2262; x_wconf 92' lang='lat' dir='ltr'>in</span> <span class='ocrx_word' id='word_1_165' title='bbox 1067 2198 1132 2267; x_wconf 89' lang='lat' dir='ltr'>boc</span> <span class='ocrx_word' id='word_1_166' title='bbox 1166 2201 1286 2271; x_wconf 63' lang='lat' dir='ltr'>libra</span> 
     </span>
     <span class='ocr_line' id='line_1_21' title="bbox 122 2289 1290 2392; baseline 0.006 -23"><span class='ocrx_word' id='word_1_167' title='bbox 122 2303 220 2369; x_wconf 87' lang='lat' dir='ltr'>latius</span> <span class='ocrx_word' id='word_1_168' title='bbox 242 2296 366 2366; x_wconf 89' lang='lat' dir='ltr'>dictum</span> <span class='ocrx_word' id='word_1_169' title='bbox 386 2295 457 2364; x_wconf 89' lang='lat' dir='ltr'>fuit.</span> <span class='ocrx_word' id='word_1_170' title='bbox 500 2295 555 2392; x_wconf 81' lang='lat' dir='ltr'>Ad</span> <span class='ocrx_word' id='word_1_171' title='bbox 576 2296 669 2380; x_wconf 86' lang='lat' dir='ltr'>haec,</span> <span class='ocrx_word' id='word_1_172' title='bbox 697 2289 846 2385; x_wconf 86' lang='lat' dir='ltr'>quamvis</span> <span class='ocrx_word' id='word_1_173' title='bbox 869 2298 983 2367; x_wconf 88' lang='lat' dir='ltr'>exules</span> <span class='ocrx_word' id='word_1_174' title='bbox 1015 2313 1114 2370; x_wconf 86' lang='lat' dir='ltr'>antea</span> <span class='ocrx_word' id='word_1_175' title='bbox 1137 2315 1170 2372; x_wconf 92' lang='lat' dir='ltr'>et</span> <span class='ocrx_word' id='word_1_176' title='bbox 1187 2309 1243 2377; x_wconf 82' lang='lat' dir='ltr'>illo</span> <span class='ocrx_word' id='word_1_177' title='bbox 1287 2307 1290 2351; x_wconf 74' lang='lat'>³</span> 
     </span>
     <span class='ocr_line' id='line_1_22' title="bbox 123 2398 1290 2502; baseline 0.007 -29"><span class='ocrx_word' id='word_1_178' title='bbox 123 2405 202 2473; x_wconf 90' lang='lat' dir='ltr'>dum</span> <span class='ocrx_word' id='word_1_179' title='bbox 223 2405 305 2472; x_wconf 91' lang='lat' dir='ltr'>haec</span> <span class='ocrx_word' id='word_1_180' title='bbox 326 2398 543 2490; x_wconf 88' lang='lat' dir='ltr'>scripsissent,</span> <span class='ocrx_word' id='word_1_181' title='bbox 573 2402 701 2488; x_wconf 85' lang='lat' dir='ltr'>Pragae</span> <span class='ocrx_word' id='word_1_182' title='bbox 729 2401 851 2468; x_wconf 82' lang='lat' dir='ltr'>fiserint</span> <span class='ocrx_word' id='word_1_183' title='bbox 873 2413 904 2468; x_wconf 89' lang='lat' dir='ltr'>et</span> <span class='ocrx_word' id='word_1_184' title='bbox 927 2405 1025 2471; x_wconf 89' lang='lat' dir='ltr'>etiam</span> <span class='ocrx_word' id='word_1_185' title='bbox 1058 2408 1180 2478; x_wconf 90' lang='lat' dir='ltr'>deinde</span> <span class='ocrx_word' id='word_1_186' title='bbox 1199 2425 1264 2502; x_wconf 77' lang='lat' dir='ltr'>per</span> <span class='ocrx_word' id='word_1_187' title='bbox 1288 2450 1290 2460; x_wconf 37' lang='grc' dir='ltr'>ι</span> 
     </span>
     <span class='ocr_line' id='line_1_23' title="bbox 122 2505 1269 2606; baseline 0.006 -28"><span class='ocrx_word' id='word_1_188' title='bbox 122 2519 252 2598; x_wconf 84' lang='lat' dir='ltr'>tempus</span> <span class='ocrx_word' id='word_1_189' title='bbox 275 2506 524 2596; x_wconf 87' lang='lat' dir='ltr'>permanserint,</span> <span class='ocrx_word' id='word_1_190' title='bbox 561 2505 671 2572; x_wconf 89' lang='lat' dir='ltr'>nullus</span> <span class='ocrx_word' id='word_1_191' title='bbox 700 2513 810 2573; x_wconf 89' lang='lat' dir='ltr'>tamen</span> <span class='ocrx_word' id='word_1_192' title='bbox 844 2506 919 2574; x_wconf 91' lang='lat' dir='ltr'>illos</span> <span class='ocrx_word' id='word_1_193' title='bbox 942 2506 1036 2576; x_wconf 88' lang='lat' dir='ltr'>bac</span> <span class='ocrx_word' id='word_1_194' title='bbox 1025 2533 1061 2577; x_wconf 89' lang='lat' dir='ltr'>m</span> <span class='ocrx_word' id='word_1_195' title='bbox 1097 2536 1136 2580; x_wconf 91' lang='lat' dir='ltr'>re</span> <span class='ocrx_word' id='word_1_196' title='bbox 1158 2521 1269 2606; x_wconf 76' lang='lat' dir='ltr'>arguit,</span> 
     </span>
     <span class='ocr_line' id='line_1_24' title="bbox 124 2608 1290 2711; baseline 0.001 -30"><span class='ocrx_word' id='word_1_197' title='bbox 124 2636 236 2703; x_wconf 65' lang='lat' dir='ltr'>tamen</span> <span class='ocrx_word' id='word_1_198' title='bbox 272 2620 385 2679; x_wconf 90' lang='lat' dir='ltr'>contra</span> <span class='ocrx_word' id='word_1_199' title='bbox 414 2608 489 2677; x_wconf 92' lang='lat' dir='ltr'>illos</span> <span class='ocrx_word' id='word_1_200' title='bbox 511 2609 747 2678; x_wconf 88' lang='lat' dir='ltr'>conclusum</span> <span class='ocrx_word' id='word_1_201' title='bbox 725 2633 773 2676; x_wconf 89' lang='grc' dir='ltr'>ιιι</span> <span class='ocrx_word' id='word_1_202' title='bbox 809 2609 912 2706; x_wconf 87' lang='lat' dir='ltr'>libros</span> <span class='ocrx_word' id='word_1_203' title='bbox 944 2616 1131 2699; x_wconf 86' lang='lat' dir='ltr'>civitatis</span> <span class='ocrx_word' id='word_1_204' title='bbox 1120 2624 1220 2688; x_wconf 76' lang='lat' dir='ltr'>anseri</span> <span class='ocrx_word' id='word_1_205' title='bbox 1240 2624 1290 2711; x_wconf 79' lang='lat' dir='ltr'>jus</span> 
     </span>
     <span class='ocr_line' id='line_1_25' title="bbox 124 2717 1285 2816; baseline -0.001 -26"><span class='ocrx_word' id='word_1_206' title='bbox 124 2723 269 2812; x_wconf 89' lang='lat' dir='ltr'>Ideoque</span> <span class='ocrx_word' id='word_1_207' title='bbox 302 2741 364 2808; x_wconf 84' lang='lat' dir='ltr'>ego</span> <span class='ocrx_word' id='word_1_208' title='bbox 396 2718 490 2785; x_wconf 91' lang='lat' dir='ltr'>illum</span> <span class='ocrx_word' id='word_1_209' title='bbox 522 2741 582 2808; x_wconf 91' lang='lat' dir='ltr'>pro</span> <span class='ocrx_word' id='word_1_210' title='bbox 612 2718 716 2785; x_wconf 88' lang='lat' dir='ltr'>archi·</span> <span class='ocrx_word' id='word_1_211' title='bbox 719 2717 852 2785; x_wconf 89' lang='lat' dir='ltr'>doctore</span> <span class='ocrx_word' id='word_1_212' title='bbox 886 2721 1104 2809; x_wconf 88' lang='lat' dir='ltr'>aestimarem,</span> <span class='ocrx_word' id='word_1_213' title='bbox 1140 2728 1197 2816; x_wconf 87' lang='lat' dir='ltr'>qui</span> <span class='ocrx_word' id='word_1_214' title='bbox 1225 2721 1285 2794; x_wconf 87' lang='lat' dir='ltr'>mihi</span> 
     </span>
     <span class='ocr_line' id='line_1_26' title="bbox 125 2823 1285 2923; baseline 0.001 -27"><span class='ocrx_word' id='word_1_215' title='bbox 125 2850 236 2896; x_wconf 91' lang='lat' dir='ltr'>eorum</span> <span class='ocrx_word' id='word_1_216' title='bbox 260 2824 506 2921; x_wconf 85' lang='lat' dir='ltr'>exeusationem</span> <span class='ocrx_word' id='word_1_217' title='bbox 528 2823 617 2923; x_wconf 87' lang='lat' dir='ltr'>clare</span> <span class='ocrx_word' id='word_1_218' title='bbox 639 2833 673 2890; x_wconf 88' lang='lat' dir='ltr'>et</span> <span class='ocrx_word' id='word_1_219' title='bbox 693 2823 982 2903; x_wconf 84' lang='lat' dir='ltr'>fundamentaliter</span> <span class='ocrx_word' id='word_1_220' title='bbox 1010 2828 1082 2895; x_wconf 90' lang='lat' dir='ltr'>sine</span> <span class='ocrx_word' id='word_1_221' title='bbox 1103 2828 1172 2896; x_wconf 92' lang='lat' dir='ltr'>ullo</span> <span class='ocrx_word' id='word_1_222' title='bbox 1194 2832 1285 2899; x_wconf 82' lang='lat' dir='ltr'>relicto</span> 
     </span>
     <span class='ocr_line' id='line_1_27' title="bbox 124 2930 420 3002; baseline -0.021 0"><span class='ocrx_word' id='word_1_223' title='bbox 124 2932 289 3002; x_wconf 89' lang='lat' dir='ltr'>deducere</span> <span class='ocrx_word' id='word_1_224' title='bbox 310 2930 420 2998; x_wconf 91' lang='lat' dir='ltr'>vellet.</span> 
     </span>
    </p>

    <p class='ocr_par' dir='ltr' id='par_1_4' title="bbox 124 2990 1290 4073">
     <span class='ocr_line' id='line_1_28' title="bbox 209 2990 1290 3126; baseline 0.003 -20"><span class='ocrx_word' id='word_1_225' title='bbox 209 3038 341 3106; x_wconf 88' lang='lat' dir='ltr'>Interea</span> <span class='ocrx_word' id='word_1_226' title='bbox 363 3035 440 3102; x_wconf 90' lang='lat' dir='ltr'>dum</span> <span class='ocrx_word' id='word_1_227' title='bbox 462 3056 523 3102; x_wconf 92' lang='lat' dir='ltr'>rex</span> <span class='ocrx_word' id='word_1_228' title='bbox 545 3056 620 3100; x_wconf 89' lang='lat' dir='ltr'>oum</span> <span class='ocrx_word' id='word_1_229' title='bbox 641 3034 757 3124; x_wconf 83' lang='lat' dir='ltr'>regina</span> <span class='ocrx_word' id='word_1_230' title='bbox 792 3037 968 3124; x_wconf 89' lang='lat' dir='ltr'>praeterito</span> <span class='ocrx_word' id='word_1_231' title='bbox 1005 3045 1153 3126; x_wconf 89' lang='lat' dir='ltr'>tempore</span> <span class='ocrx_word' id='word_1_232' title='bbox 1186 2990 1290 3108; x_wconf 85' lang='lat' dir='ltr'>Purilic</span> 
     </span>
     <span class='ocr_line' id='line_1_29' title="bbox 124 3139 1270 3232; baseline 0.002 -21"><span class='ocrx_word' id='word_1_233' title='bbox 124 3144 159 3211; x_wconf 86' lang='lat' dir='ltr'>in</span> <span class='ocrx_word' id='word_1_234' title='bbox 181 3166 290 3212; x_wconf 89' lang='lat' dir='ltr'>arcem</span> <span class='ocrx_word' id='word_1_235' title='bbox 311 3143 512 3228; x_wconf 84' lang='lat' dir='ltr'>Pragensem</span> <span class='ocrx_word' id='word_1_236' title='bbox 534 3139 731 3218; x_wconf 87' lang='lat' dir='ltr'>advenisset,</span> <span class='ocrx_word' id='word_1_237' title='bbox 769 3139 812 3206; x_wconf 91' lang='lat' dir='ltr'>sd</span> <span class='ocrx_word' id='word_1_238' title='bbox 841 3142 1033 3228; x_wconf 90' lang='lat' dir='ltr'>petitionem</span> <span class='ocrx_word' id='word_1_239' title='bbox 1055 3144 1270 3232; x_wconf 89' lang='lat' dir='ltr'>Pragensium</span> 
     </span>
     <span class='ocr_line' id='line_1_30' title="bbox 126 3244 1290 3339; baseline 0.003 -22"><span class='ocrx_word' id='word_1_240' title='bbox 126 3272 189 3339; x_wconf 91' lang='lat' dir='ltr'>que</span> <span class='ocrx_word' id='word_1_241' title='bbox 211 3249 354 3317; x_wconf 86' lang='lat' dir='ltr'>civitatis</span> <span class='ocrx_word' id='word_1_242' title='bbox 376 3247 420 3314; x_wconf 91' lang='lat' dir='ltr'>ad</span> <span class='ocrx_word' id='word_1_243' title='bbox 443 3247 551 3312; x_wconf 87' lang='lat' dir='ltr'>curias</span> <span class='ocrx_word' id='word_1_244' title='bbox 575 3267 687 3312; x_wconf 90' lang='lat' dir='ltr'>eorum</span> <span class='ocrx_word' id='word_1_245' title='bbox 709 3244 880 3313; x_wconf 88' lang='lat' dir='ltr'>descendit</span> <span class='ocrx_word' id='word_1_246' title='bbox 901 3246 956 3314; x_wconf 90' lang='lat' dir='ltr'>die</span> <span class='ocrx_word' id='word_1_247' title='bbox 971 3247 1135 3335; x_wconf 87' lang='lat' dir='ltr'>sabbathi,</span> <span class='ocrx_word' id='word_1_248' title='bbox 1160 3262 1256 3320; x_wconf 88' lang='lat' dir='ltr'>sexta</span> <span class='ocrx_word' id='word_1_249' title='bbox 1274 3252 1290 3319; x_wconf 90' lang='lat' dir='ltr'>d</span> 
     </span>
     <span class='ocr_line' id='line_1_31' title="bbox 124 3349 1290 3442; baseline 0.003 -20"><span class='ocrx_word' id='word_1_250' title='bbox 124 3355 253 3427; x_wconf 79' lang='lat' dir='ltr'>festum¹</span> <span class='ocrx_word' id='word_1_251' title='bbox 269 3353 381 3421; x_wconf 87' lang='lat' dir='ltr'>Sancti</span> <span class='ocrx_word' id='word_1_252' title='bbox 403 3349 580 3427; x_wconf 82' lang='lat' dir='ltr'>Valentini,</span> <span class='ocrx_word' id='word_1_253' title='bbox 601 3358 644 3434; x_wconf 90' lang='lat' dir='ltr'>et</span> <span class='ocrx_word' id='word_1_254' title='bbox 666 3358 813 3439; x_wconf 87' lang='lat' dir='ltr'>senatum</span> <span class='ocrx_word' id='word_1_255' title='bbox 835 3351 961 3439; x_wconf 80' lang='lat' dir='ltr'>eisdem</span> <span class='ocrx_word' id='word_1_256' title='bbox 983 3357 1166 3442; x_wconf 82' lang='lat' dir='ltr'>renovavit,</span> <span class='ocrx_word' id='word_1_257' title='bbox 1190 3380 1290 3425; x_wconf 91' lang='lat' dir='ltr'>secun</span> 
     </span>
     <span class='ocr_line' id='line_1_32' title="bbox 125 3453 1290 3554; baseline 0.003 -28"><span class='ocrx_word' id='word_1_258' title='bbox 125 3469 199 3547; x_wconf 88' lang='lat' dir='ltr'>post</span> <span class='ocrx_word' id='word_1_259' title='bbox 220 3458 416 3554; x_wconf 78' lang='lat' dir='ltr'>divisionem</span> <span class='ocrx_word' id='word_1_260' title='bbox 436 3456 566 3522; x_wconf 90' lang='lat' dir='ltr'>unionis</span> <span class='ocrx_word' id='word_1_261' title='bbox 589 3453 728 3521; x_wconf 88' lang='lat' dir='ltr'>illorum.</span> <span class='ocrx_word' id='word_1_262' title='bbox 772 3455 812 3522; x_wconf 88' lang='lat' dir='ltr'>In</span> <span class='ocrx_word' id='word_1_263' title='bbox 842 3479 906 3546; x_wconf 91' lang='lat' dir='ltr'>qua</span> <span class='ocrx_word' id='word_1_264' title='bbox 927 3461 1142 3526; x_wconf 87' lang='lat' dir='ltr'>renovatione</span> <span class='ocrx_word' id='word_1_265' title='bbox 1164 3460 1290 3530; x_wconf 86' lang='lat' dir='ltr'>Neo-Pr</span> 
     </span>
     <span class='ocr_line' id='line_1_33' title="bbox 127 3557 1271 3649; baseline 0.003 -17"><span class='ocrx_word' id='word_1_266' title='bbox 127 3572 258 3632; x_wconf 87' lang='lat' dir='ltr'>senatus</span> <span class='ocrx_word' id='word_1_267' title='bbox 279 3562 434 3629; x_wconf 86' lang='lat' dir='ltr'>Nicolaus</span> <span class='ocrx_word' id='word_1_268' title='bbox 457 3559 598 3649; x_wconf 25' lang='lat' dir='ltr'>Schorff&#39;</span> <span class='ocrx_word' id='word_1_269' title='bbox 622 3581 696 3626; x_wconf 88' lang='lat' dir='ltr'>cum</span> <span class='ocrx_word' id='word_1_270' title='bbox 717 3557 791 3626; x_wconf 89' lang='lat' dir='ltr'>aliis</span> <span class='ocrx_word' id='word_1_271' title='bbox 826 3560 977 3629; x_wconf 86' lang='lat' dir='ltr'>exulibus</span> <span class='ocrx_word' id='word_1_272' title='bbox 1008 3570 1041 3629; x_wconf 95' lang='lat' dir='ltr'>et</span> <span class='ocrx_word' id='word_1_273' title='bbox 1068 3565 1271 3635; x_wconf 81' lang='lat' dir='ltr'>&#39;concivibus</span> 
     </span>
     <span class='ocr_line' id='line_1_34' title="bbox 126 3661 1288 3757; baseline 0.003 -22"><span class='ocrx_word' id='word_1_274' title='bbox 126 3667 243 3735; x_wconf 90' lang='lat' dir='ltr'>incolis</span> <span class='ocrx_word' id='word_1_275' title='bbox 264 3663 571 3751; x_wconf 81' lang='lat' dir='ltr'>Neo-Pragensibus</span> <span class='ocrx_word' id='word_1_276' title='bbox 603 3661 737 3752; x_wconf 86' lang='lat' dir='ltr'>protulit</span> <span class='ocrx_word' id='word_1_277' title='bbox 759 3672 792 3729; x_wconf 91' lang='lat' dir='ltr'>et</span> <span class='ocrx_word' id='word_1_278' title='bbox 811 3663 989 3732; x_wconf 88' lang='lat' dir='ltr'>insinuavit</span> <span class='ocrx_word' id='word_1_279' title='bbox 1011 3688 1121 3732; x_wconf 89' lang='lat' dir='ltr'>coram</span> <span class='ocrx_word' id='word_1_280' title='bbox 1145 3692 1240 3757; x_wconf 87' lang='lat' dir='ltr'>rege,</span> <span class='ocrx_word' id='word_1_281' title='bbox 1273 3695 1288 3738; x_wconf 88' lang='grc' dir='ltr'>ι</span> 
     </span>
     <span class='ocr_line' id='line_1_35' title="bbox 128 3768 1290 3860; baseline 0.002 -22"><span class='ocrx_word' id='word_1_282' title='bbox 128 3781 255 3838; x_wconf 87' lang='lat' dir='ltr'>centem</span> <span class='ocrx_word' id='word_1_283' title='bbox 277 3778 310 3837; x_wconf 88' lang='lat' dir='ltr'>et</span> <span class='ocrx_word' id='word_1_284' title='bbox 330 3768 503 3858; x_wconf 81' lang='lat' dir='ltr'>pacificum</span> <span class='ocrx_word' id='word_1_285' title='bbox 525 3789 618 3853; x_wconf 81' lang='lat' dir='ltr'>esse3</span> <span class='ocrx_word' id='word_1_286' title='bbox 641 3776 756 3854; x_wconf 89' lang='lat' dir='ltr'>petens</span> <span class='ocrx_word' id='word_1_287' title='bbox 779 3789 888 3855; x_wconf 85' lang='lat' dir='ltr'>coram</span> <span class='ocrx_word' id='word_1_288' title='bbox 901 3777 969 3835; x_wconf 87' lang='lat' dir='ltr'>tota</span> <span class='ocrx_word' id='word_1_289' title='bbox 990 3774 1240 3860; x_wconf 88' lang='lat' dir='ltr'>communitate,</span> <span class='ocrx_word' id='word_1_290' title='bbox 1262 3786 1290 3842; x_wconf 84' lang='lat' dir='ltr'>ut</span> 
     </span>
     <span class='ocr_line' id='line_1_36' title="bbox 128 3871 1290 3970; baseline 0.004 -28"><span class='ocrx_word' id='word_1_291' title='bbox 128 3874 203 3942; x_wconf 85' lang='lat' dir='ltr'>illos</span> <span class='ocrx_word' id='word_1_292' title='bbox 225 3877 335 3943; x_wconf 88' lang='lat' dir='ltr'>statim</span> <span class='ocrx_word' id='word_1_293' title='bbox 355 3877 391 3940; x_wconf 92' lang='lat' dir='ltr'>in</span> <span class='ocrx_word' id='word_1_294' title='bbox 413 3873 571 3941; x_wconf 92' lang='lat' dir='ltr'>hocloco</span> <span class='ocrx_word' id='word_1_295' title='bbox 593 3871 635 3939; x_wconf 90' lang='lat' dir='ltr'>de</span> <span class='ocrx_word' id='word_1_296' title='bbox 658 3872 798 3960; x_wconf 87' lang='lat' dir='ltr'>quodam</span> <span class='ocrx_word' id='word_1_297' title='bbox 814 3872 900 3939; x_wconf 90' lang='lat' dir='ltr'>malo</span> <span class='ocrx_word' id='word_1_298' title='bbox 923 3897 1060 3962; x_wconf 89' lang='lat' dir='ltr'>arguere</span> <span class='ocrx_word' id='word_1_299' title='bbox 1071 3875 1184 3964; x_wconf 89' lang='lat' dir='ltr'>vellet,</span> <span class='ocrx_word' id='word_1_300' title='bbox 1212 3882 1290 3970; x_wconf 84' lang='lat' dir='ltr'>quot&#39;</span> 
     </span>
     <span class='ocr_line' id='line_1_37' title="bbox 129 3979 568 4073; baseline -0.005 -27"><span class='ocrx_word' id='word_1_301' title='bbox 129 3987 178 4047; x_wconf 90' lang='lat' dir='ltr'>tes</span> <span class='ocrx_word' id='word_1_302' title='bbox 200 3979 335 4048; x_wconf 89' lang='lat' dir='ltr'>cuilibet</span> <span class='ocrx_word' id='word_1_303' title='bbox 356 3980 568 4073; x_wconf 85' lang='lat' dir='ltr'>satisfacient.</span> 
     </span>
    </p>

    <p class='ocr_par' dir='ltr' id='par_1_5' title="bbox 121 4082 1290 4810">
     <span class='ocr_line' id='line_1_38' title="bbox 213 4082 1290 4171; baseline 0.009 -21"><span class='ocrx_word' id='word_1_304' title='bbox 213 4084 437 4152; x_wconf 79' lang='lat' dir='ltr'>Communitas</span> <span class='ocrx_word' id='word_1_305' title='bbox 459 4083 721 4171; x_wconf 81' lang='lat' dir='ltr'>Neo-Pragensis</span> <span class='ocrx_word' id='word_1_306' title='bbox 750 4082 832 4150; x_wconf 86' lang='lat' dir='ltr'>haec</span> <span class='ocrx_word' id='word_1_307' title='bbox 853 4083 1000 4164; x_wconf 88' lang='lat' dir='ltr'>audiens,</span> <span class='ocrx_word' id='word_1_308' title='bbox 1033 4085 1250 4159; x_wconf 86' lang='lat' dir='ltr'>insinuarunt</span> <span class='ocrx_word' id='word_1_309' title='bbox 1272 4116 1290 4159; x_wconf 92' lang='lat' dir='ltr'>o</span> 
     </span>
     <span class='ocr_line' id='line_1_39' title="bbox 129 4176 1284 4281; baseline 0.009 -26"><span class='ocrx_word' id='word_1_310' title='bbox 129 4191 302 4257; x_wconf 87' lang='lat' dir='ltr'>contestati</span> <span class='ocrx_word' id='word_1_311' title='bbox 332 4199 408 4281; x_wconf 81' lang='lat' dir='ltr'>sunt</span> <span class='ocrx_word' id='word_1_312' title='bbox 429 4189 503 4256; x_wconf 91' lang='lat' dir='ltr'>illos</span> <span class='ocrx_word' id='word_1_313' title='bbox 540 4176 612 4255; x_wconf 79' lang='lat' dir='ltr'>esse</span> <span class='ocrx_word' id='word_1_314' title='bbox 647 4190 849 4267; x_wconf 86' lang='lat' dir='ltr'>innocentes,</span> <span class='ocrx_word' id='word_1_315' title='bbox 866 4270 867 4273; x_wconf 8' lang='grc' dir='ltr'><strong>Ἴ</strong></span> <span class='ocrx_word' id='word_1_316' title='bbox 887 4190 1027 4256; x_wconf 92' lang='lat' dir='ltr'>dicendo</span> <span class='ocrx_word' id='word_1_317' title='bbox 1065 4213 1100 4257; x_wconf 90' lang='lat' dir='ltr'>se</span> <span class='ocrx_word' id='word_1_318' title='bbox 1137 4192 1180 4260; x_wconf 91' lang='lat' dir='ltr'>de</span> <span class='ocrx_word' id='word_1_319' title='bbox 1217 4197 1284 4265; x_wconf 89' lang='lat' dir='ltr'>illis</span> 
     </span>
     <span class='ocr_line' id='line_1_40' title="bbox 129 4291 1288 4380; baseline 0.005 -20"><span class='ocrx_word' id='word_1_320' title='bbox 129 4293 250 4360; x_wconf 88' lang='lat' dir='ltr'>malum</span> <span class='ocrx_word' id='word_1_321' title='bbox 272 4295 366 4379; x_wconf 89' lang='lat' dir='ltr'>scire,</span> <span class='ocrx_word' id='word_1_322' title='bbox 401 4303 433 4360; x_wconf 90' lang='lat' dir='ltr'>et</span> <span class='ocrx_word' id='word_1_323' title='bbox 455 4315 521 4359; x_wconf 91' lang='lat' dir='ltr'>non</span> <span class='ocrx_word' id='word_1_324' title='bbox 543 4291 666 4359; x_wconf 90' lang='lat' dir='ltr'>habere</span> <span class='ocrx_word' id='word_1_325' title='bbox 703 4313 835 4358; x_wconf 87' lang='lat' dir='ltr'>causam</span> <span class='ocrx_word' id='word_1_326' title='bbox 856 4292 931 4359; x_wconf 90' lang='lat' dir='ltr'>illos</span> <span class='ocrx_word' id='word_1_327' title='bbox 965 4294 1007 4360; x_wconf 91' lang='lat' dir='ltr'>de</span> <span class='ocrx_word' id='word_1_328' title='bbox 1029 4294 1172 4380; x_wconf 91' lang='lat' dir='ltr'>quadam</span> <span class='ocrx_word' id='word_1_329' title='bbox 1209 4324 1288 4368; x_wconf 87' lang='lat' dir='ltr'>rea</span> 
     </span>
     <span class='ocr_line' id='line_1_41' title="bbox 128 4396 1290 4488; baseline 0.006 -23"><span class='ocrx_word' id='word_1_330' title='bbox 128 4399 201 4466; x_wconf 86' lang='lat' dir='ltr'>Rex</span> <span class='ocrx_word' id='word_1_331' title='bbox 222 4406 394 4488; x_wconf 85' lang='lat' dir='ltr'>utramque</span> <span class='ocrx_word' id='word_1_332' title='bbox 416 4407 544 4488; x_wconf 90' lang='lat' dir='ltr'>partem</span> <span class='ocrx_word' id='word_1_333' title='bbox 565 4396 713 4480; x_wconf 87' lang='lat' dir='ltr'>audiens,</span> <span class='ocrx_word' id='word_1_334' title='bbox 748 4396 842 4480; x_wconf 89' lang='lat' dir='ltr'>dixit,</span> <span class='ocrx_word' id='word_1_335' title='bbox 864 4397 961 4483; x_wconf 91' lang='lat' dir='ltr'>quod,</span> <span class='ocrx_word' id='word_1_336' title='bbox 997 4422 1070 4464; x_wconf 91' lang='lat' dir='ltr'>cum</span> <span class='ocrx_word' id='word_1_337' title='bbox 1090 4400 1168 4467; x_wconf 92' lang='lat' dir='ltr'>illos</span> <span class='ocrx_word' id='word_1_338' title='bbox 1192 4427 1290 4472; x_wconf 91' lang='lat' dir='ltr'>nemo</span> 
     </span>
     <span class='ocr_line' id='line_1_42' title="bbox 128 4488 1290 4593; baseline 0.004 -24"><span class='ocrx_word' id='word_1_339' title='bbox 128 4526 191 4571; x_wconf 86' lang='lat' dir='ltr'>nec</span> <span class='ocrx_word' id='word_1_340' title='bbox 212 4488 353 4593; x_wconf 88' lang='lat' dir='ltr'>arguere</span> <span class='ocrx_word' id='word_1_341' title='bbox 376 4501 537 4582; x_wconf 87' lang='lat' dir='ltr'>intendat,</span> <span class='ocrx_word' id='word_1_342' title='bbox 559 4499 709 4589; x_wconf 89' lang='lat' dir='ltr'>nihilque</span> <span class='ocrx_word' id='word_1_343' title='bbox 739 4501 817 4566; x_wconf 89' lang='lat' dir='ltr'>mali</span> <span class='ocrx_word' id='word_1_344' title='bbox 846 4501 932 4567; x_wconf 87' lang='lat' dir='ltr'>ullus</span> <span class='ocrx_word' id='word_1_345' title='bbox 962 4502 1004 4568; x_wconf 89' lang='lat' dir='ltr'>de</span> <span class='ocrx_word' id='word_1_346' title='bbox 1026 4504 1107 4592; x_wconf 91' lang='lat' dir='ltr'>ipsis</span> <span class='ocrx_word' id='word_1_347' title='bbox 1132 4506 1229 4589; x_wconf 87' lang='lat' dir='ltr'>sciat,</span> <span class='ocrx_word' id='word_1_348' title='bbox 1263 4524 1290 4577; x_wconf 87' lang='lat' dir='ltr'>et</span> 
     </span>
     <span class='ocr_line' id='line_1_43' title="bbox 128 4605 1290 4701; baseline 0.004 -27"><span class='ocrx_word' id='word_1_349' title='bbox 128 4608 219 4697; x_wconf 90' lang='lat' dir='ltr'>ipsos</span> <span class='ocrx_word' id='word_1_350' title='bbox 240 4631 380 4698; x_wconf 87' lang='lat' dir='ltr'>arguere</span> <span class='ocrx_word' id='word_1_351' title='bbox 402 4630 468 4674; x_wconf 90' lang='lat' dir='ltr'>non</span> <span class='ocrx_word' id='word_1_352' title='bbox 490 4607 603 4696; x_wconf 86' lang='lat' dir='ltr'>possit,</span> <span class='ocrx_word' id='word_1_353' title='bbox 634 4606 700 4671; x_wconf 92' lang='lat' dir='ltr'>imo</span> <span class='ocrx_word' id='word_1_354' title='bbox 723 4628 782 4694; x_wconf 91' lang='lat' dir='ltr'>pro</span> <span class='ocrx_word' id='word_1_355' title='bbox 806 4605 901 4672; x_wconf 88' lang='lat' dir='ltr'>bonis</span> <span class='ocrx_word' id='word_1_356' title='bbox 926 4615 959 4672; x_wconf 90' lang='lat' dir='ltr'>et</span> <span class='ocrx_word' id='word_1_357' title='bbox 981 4608 1045 4694; x_wconf 88' lang='lat' dir='ltr'>piis</span> <span class='ocrx_word' id='word_1_358' title='bbox 1068 4611 1236 4701; x_wconf 83' lang='lat' dir='ltr'>aestimet,</span> <span class='ocrx_word' id='word_1_359' title='bbox 1270 4642 1290 4684; x_wconf 83' lang='lat' dir='ltr'>e·</span> 
     </span>
     <span class='ocr_line' id='line_1_44' title="bbox 121 4695 1271 4810; baseline 0.004 -35"><span class='ocrx_word' id='word_1_360' title='bbox 121 4721 215 4801; x_wconf 81' lang='lat' dir='ltr'>tegre</span> <span class='ocrx_word' id='word_1_361' title='bbox 232 4715 366 4810; x_wconf 83' lang='lat' dir='ltr'>liberos</span> <span class='ocrx_word' id='word_1_362' title='bbox 389 4715 547 4786; x_wconf 86' lang='lat' dir='ltr'>dimittat.</span> <span class='ocrx_word' id='word_1_363' title='bbox 592 4709 656 4778; x_wconf 80' lang='lat' dir='ltr'>llis</span> <span class='ocrx_word' id='word_1_364' title='bbox 679 4707 779 4777; x_wconf 84' lang='lat' dir='ltr'>dictis</span> <span class='ocrx_word' id='word_1_365' title='bbox 797 4730 863 4776; x_wconf 83' lang='lat' dir='ltr'>rex</span> <span class='ocrx_word' id='word_1_366' title='bbox 890 4731 929 4774; x_wconf 85' lang='lat' dir='ltr'>se</span> <span class='ocrx_word' id='word_1_367' title='bbox 944 4711 1066 4776; x_wconf 77' lang='lat' dir='ltr'>iterum</span> <span class='ocrx_word' id='word_1_368' title='bbox 1091 4713 1142 4780; x_wconf 81' lang='lat' dir='ltr'>ad</span> <span class='ocrx_word' id='word_1_369' title='bbox 1155 4695 1271 4788; x_wconf 56' lang='lat' dir='ltr'>&#39;arcem</span> 
     </span>
    </p>
   </div>
   <div class='ocr_carea' id='block_1_3' title="bbox 0 0 1456 5070">
    <p class='ocr_par' dir='ltr' id='par_1_6' title="bbox 0 0 1456 5070">
     <span class='ocr_line' id='line_1_45' title="bbox 0 0 1456 5070; baseline 0 0"><span class='ocrx_word' id='word_1_370' title='bbox 0 0 1456 5070; x_wconf 95' lang='lat' dir='ltr'> </span> 
     </span>
    </p>
   </div>
  </div>
 </body>
</html>
