2948 5040
91 315 261 383 dueentem
294 310 337 380 ad
368 312 544 395 interitum,
578 319 611 377 et
642 309 779 385 alteram
812 310 855 381 ad
883 316 983 383 vitam
1006 323 1183 386 aeternam.
1230 318 1322 407 Papa
1356 324 1392 383 et

91 419 186 486 sedes
208 420 290 485 haee
310 419 437 509 papalis
460 417 728 503 excogitaverunt
750 417 813 484 sibi
835 442 893 506 pro
925 443 982 488 suo
1015 420 1104 488 lucro
1136 424 1225 489 viam
1248 425 1390 505 tertiam,

89 525 310 613 purgatorium
332 532 365 588 et
377 520 614 609 indulgentiam
637 523 750 611 inquo
773 523 860 590 clero
884 546 1045 592 summum
1066 525 1198 611 bonum,
1221 535 1255 593 et
1269 549 1392 614 magna

88 629 200 718 populi
223 627 369 693 seductio
392 626 553 693 consistit.
877 616 882 633 '

101 786 106 791 .
174 733 282 824 Supra
301 735 500 801 mentionem
522 730 587 799 feei
609 731 651 798 de
674 732 868 821 quibusdam
884 733 1063 801 audacibus
1085 734 1280 818 hominibus,
1304 757 1391 823 quae

89 851 220 927 praeter
250 838 317 923 illa,
354 859 438 926 quae
469 859 490 902 a
521 835 676 926 pontifice
715 847 748 902 et
779 837 927 904 conciliis
958 840 1144 925 excogitata
1166 848 1250 918 eunt,
1285 842 1386 906 etiam

91 943 250 1032 quaedam
279 966 322 1008 ex
349 943 481 1031 proprio
499 941 628 1029 judicio
651 949 684 1006 et
705 942 873 1008 voluntate
907 945 1186 1030 excogitaverunt,
1218 966 1303 1031 quae
1323 965 1388 1010 nec

89 1052 235 1118 Romana
268 1048 409 1115 ecclesia
442 1054 560 1129 servat,
594 1055 627 1112 et
649 1048 677 1112 ei
700 1047 779 1135 quid
801 1057 914 1113 contra
936 1050 1018 1116 haec
1047 1048 1165 1136 aliquis
1189 1047 1389 1135 loqueretur,

90 1154 380 1244 quomodocunque
401 1151 536 1216 honeste
559 1173 594 1217 se
608 1160 778 1217 revocaret
792 1152 833 1217 ad
858 1151 965 1238 legem
979 1152 1044 1217 Dei
1078 1162 1110 1217 et
1131 1174 1197 1218 non
1221 1162 1387 1219 servatam

88 1261 212 1349 primae
248 1256 406 1324 ecclesiae
438 1277 551 1323 veram
584 1255 845 1322 constitutionem
880 1265 913 1323 et
946 1254 1069 1322 Christi
1099 1279 1240 1340 sensum,
1273 1265 1388 1345 utpote

88 1389 157 1440 rem
191 1360 448 1445 substantialem,
478 1382 553 1426 eum
575 1371 684 1428 umen
707 1360 778 1426 loco
808 1360 1035 1450 probationum
1056 1384 1117 1452 pro
1139 1362 1319 1428 Pickharta
1355 1369 1388 1427 et

89 1471 262 1552 haeretico,
285 1489 326 1533 ao
340 1464 469 1531 homine
493 1486 629 1531 erroneo
652 1463 844 1549 habuerunt,
867 1465 1052 1533 licetetiam
1075 1468 1257 1556 angelicam
1280 1467 1383 1535 vitam

89 1576 232 1658 duceret,
252 1569 337 1643 nihil
359 1570 465 1636 eidem
486 1567 616 1658 profuit,
638 1569 726 1657 apud
747 1569 840 1636 illum
871 1570 1103 1658 christianum
1131 1574 1187 1661 qui
1209 1596 1288 1640 vero
1304 1595 1382 1662 pes·

90 1679 190 1749 simus
214 1682 308 1745 etiam
332 1675 428 1743 homo
449 1674 565 1757 meret,
589 1673 731 1740 clamore
754 1674 863 1740 omnia
892 1673 1042 1742 obtinuit.
1075 1675 1155 1742 Ideo
1177 1686 1285 1744 autem
1308 1678 1385 1745 illos

89 1783 253 1853 Romanos
284 1780 487 1848 Christianos
518 1777 723 1866 compellavi,
753 1801 829 1845 nam
852 1779 991 1846 Romani
1014 1780 1160 1865 credunt,
1188 1781 1275 1847 idem
1298 1805 1385 1867 esse,

89 1908 216 1955 sumere
237 1883 464 1953 eucharistiam
486 1882 546 1948 sub
572 1904 637 1947 una
659 1883 779 1970 specie,
803 1882 888 1948 sicut
909 1882 971 1950 sub
992 1892 1138 1972 utraque,
1165 1885 1384 1974 procedentes

88 1991 143 2058 hio
163 1991 197 2057 in
218 1991 283 2057 alia
304 1987 531 2057 constitutione
554 1984 732 2061 hominum,
754 1985 939 2072 Pragenscs
959 2009 1040 2053 vero
1061 1988 1163 2055 verbo
1185 1987 1255 2054 fere
1277 1991 1383 2056 omni·

87 2118 141 2163 um
163 2095 299 2162 aliorum
322 2094 403 2160 haec
425 2091 672 2159 confirmabant
706 2090 875 2179 Secund03
899 2091 986 2178 quod
1008 2114 1082 2158 cnm
1104 2093 1259 2161 Romanis
1281 2120 1383 2186 prop·

86 2209 136 2267 ter
162 2208 374 2288 compactata,
397 2209 430 2265 et
458 2219 511 2263 res
533 2195 613 2263 alias
637 2217 673 2261 se
696 2194 1010 2274 confoederaverint,
1037 2206 1135 2285 prout
1150 2198 1222 2286 jam
1252 2200 1378 2269 dictum

88 2313 145 2387 est,
169 2304 367 2371 affirmantes
382 2303 426 2385 id,
450 2302 526 2390 quia
547 2301 718 2368 unanimes
733 2299 843 2366 clerici
859 2309 892 2365 et
913 2300 989 2366 laici
1003 2301 1037 2365 in
1061 2302 1212 2370 omnibns
1234 2303 1381 2391 fuerunt,

88 2417 228 2495 excepto
256 2407 368 2477 calice.

172 2510 316 2579 Secundi
344 2511 414 2577 sine
443 2510 617 2577 sufficienti
650 2508 841 2596 probatione
876 2507 1030 2598 appellati
1063 2511 1195 2578 fuerumt
1215 2511 1380 2579 Pickhar·

86 2624 149 2698 tae,
183 2616 239 2702 qui
270 2617 305 2681 in
338 2615 389 2682 his
426 2616 472 2681 eis
506 2615 658 2682 contrarii
691 2615 830 2698 fuerunt,
863 2614 1010 2681 volentes
1038 2616 1136 2702 juxta
1172 2615 1280 2704 legem
1314 2617 1381 2685 Dei

86 2740 278 2806 permanere
309 2720 458 2804 fideliter,
492 2721 563 2787 siue
586 2720 674 2786 omni
696 2717 899 2785 ordinatione
924 2718 1083 2805 humana3
1119 2722 1267 2807 quamvis
1298 2724 1383 2789 anti·

88 2824 160 2910 quis
193 2824 392 2913 temporibus
420 2848 441 2890 e
472 2823 623 2891 fidelibus
662 2823 827 2910 magistris
865 2823 946 2889 haec
978 2824 1178 2909 audiverint,
1212 2848 1382 2914 nunquam

91 2937 200 2993 tamen
234 2938 299 2994 tam
336 2929 479 2996 clareat
513 2936 624 3016 aperte
648 2927 746 3013 (sicut
767 2928 809 2994 ab
829 2927 905 3011 illis,
929 2930 984 3015 qui
1006 2930 1113 3016 ajam
1135 2929 1232 2995 dictis
1255 2927 1383 2998 duobus

16 3019 19 3026 ¹
89 3032 336 3099 instructionem
372 3042 588 3121 sumpserunt,
618 3032 716 3119 juxta
749 3032 871 3097 clarum
905 3040 938 3096 et
977 3054 1091 3098 verum
1126 3055 1258 3099 sensum
1301 3034 1384 3123 legis

88 3134 222 3200 divinae
247 3135 415 3203 doctorum
438 3145 472 3202 et
493 3136 631 3203 aliorum
652 3136 705 3200 his
728 3135 894 3224 similium)
918 3136 1000 3201 haec
1026 3147 1258 3223 cognoverunt,
1283 3139 1383 3207 nullis

88 3244 281 3329 excogitatis
303 3240 412 3324 rebus,
435 3241 482 3306 uti
504 3240 700 3306 ceremoniis
723 3247 757 3304 et
781 3239 832 3304 his
855 3238 1015 3305 similibus
1037 3242 1295 3323 inventionibus,
1316 3227 1404 3309 non¹

87 3344 191 3411 solum
213 3345 396 3435 papalibus,
420 3343 479 3409 sed
494 3350 527 3408 et
541 3342 678 3409 aliorum
694 3342 868 3409 audacium
884 3341 1051 3408 hominum
1065 3343 1133 3431 legi
1147 3345 1279 3413 divinae
1301 3370 1382 3415 con·

85 3449 324 3533 tradicentium,
347 3450 406 3515 vix
428 3469 448 3513 a
470 3455 600 3512 centum
623 3446 718 3511 annis
740 3444 942 3530 durantibus,
965 3448 1031 3534 legi
1046 3447 1176 3515 divinae
1199 3454 1382 3537 contrariis,

85 3576 161 3619 cum
183 3553 415 3620 constitutione
448 3552 549 3634 varia,
583 3574 645 3617 nec
679 3550 777 3617 etiam
810 3574 870 3638 per
890 3551 1160 3640 praedecessores
1187 3577 1263 3621 suos
1287 3578 1380 3643 quos·

85 3655 161 3722 dam
194 3657 390 3723 novissimos
423 3656 525 3743 partis
548 3656 717 3742 oppositae
745 3664 874 3744 praeter
896 3655 1002 3742 legem
1035 3657 1099 3722 Dei
1133 3658 1325 3746 approbatis
1348 3669 1380 3727 et

85 3761 247 3848 susceptis
269 3760 341 3844 regi
373 3758 554 3842 voluerunt,
588 3759 647 3824 sed
671 3759 877 3848 simplicitate
899 3759 972 3844 hac,
1007 3783 1090 3850 qnae
1112 3761 1173 3828 fuit
1195 3771 1228 3828 et
1250 3762 1381 3831 duravit

86 3874 233 3950 tempore
255 3861 473 3949 apostolorum
498 3873 530 3929 et
545 3886 768 3930 successorum
793 3886 915 3947 eorum,
938 3867 1082 3930 contenti
1103 3888 1175 3932 esse
1190 3866 1379 3953 voluerunt3

85 3988 203 4054 corpus
233 3975 267 4031 et
296 3967 487 4053 sanguinem
519 3966 640 4033 Christi
661 3968 796 4033 Domini
820 3968 880 4034 sub
902 3977 1037 4055 unaque
1060 3971 1171 4057 specie
1187 3972 1285 4059 juxta
1307 3996 1379 4039 sen·

84 4092 157 4137 sum
189 4072 357 4157 proprium
390 4070 431 4136 de
453 4070 517 4135 fide
540 4072 663 4137 editum
685 4071 839 4157 religiose
870 4082 1088 4158 sumpserunt,
1120 4073 1201 4140 nihil
1232 4075 1324 4142 aliud
1346 4079 1380 4143 in

84 4173 146 4238 hoc
166 4174 366 4260 inquirentes
389 4183 421 4240 et
435 4178 668 4262 excogitantes,
696 4197 757 4240 nec
772 4175 891 4241 limites
907 4177 1115 4262 excedentes,
1137 4179 1201 4245 nisi
1223 4179 1259 4245 in
1282 4204 1379 4269 quem

84 4276 193 4360 finem,
226 4299 286 4364 pro
320 4279 406 4366 quali
440 4281 635 4367 sumptione,
667 4279 722 4345 vel
756 4279 798 4347 oh
832 4303 914 4367 quae
937 4281 1002 4347 aha
1024 4280 1174 4351 Christus
1208 4286 1243 4351 in
1264 4287 1380 4355 mfima

83 4402 188 4446 coena
209 4382 318 4448 verbis
342 4385 408 4449 suis
430 4385 601 4450 instituere
616 4382 768 4469 dignatus
786 4383 856 4451 fnit.
879 4384 1026 4472 Utraque
1041 4409 1117 4475 pars
1131 4395 1250 4474 umen,
1271 4392 1379 4478 prima

84 4495 118 4550 ct
148 4486 290 4552 secunda
323 4489 416 4556 calici
445 4488 674 4571 adhaeserunt,
705 4496 737 4553 et
769 4489 938 4556 christiani
961 4490 1022 4558 sub
1053 4500 1191 4580 utraque
1213 4495 1324 4583 specie
1343 4498 1379 4563 in

86 4591 272 4679 sumptione
294 4590 392 4680 hujus
415 4591 609 4658 sacramenti
632 4613 705 4657 esse
726 4591 906 4678 voluerunt,
932 4593 992 4661 sed
1013 4596 1103 4663 varie
1125 4594 1167 4663 de
1188 4596 1240 4664 his
1261 4600 1378 4669 sentia·

85 4691 176 4778 bant,
213 4716 256 4761 ex
286 4696 500 4797 menuctiqne
532 4697 758 4783 magistrorum
789 4718 930 4782 suorum,
960 4707 993 4764 et
1019 4698 1120 4769 variis
1142 4703 1379 4775 consuetudini·
