2948 5040
1289 158 1354 287 ιιι

507 334 510 339 ’
545 372 552 379 -
622 341 828 420 casura

62 509 101 566 Ιι
124 524 185 582 quo
206 504 237 561 in
238 501 371 588 timetur,
410 498 492 575 quod
511 504 644 585 potestas
681 497 769 572 laica,
804 484 964 581 postquam
986 474 1166 557 'sufficienter
1196 490 1358 559 afflixisset

64 596 161 655 bonos
184 598 215 650 et
236 578 360 647 innocen
362 593 407 643 tes
429 580 573 661 homines,
608 584 726 644 eosdem
748 576 924 643 tradiderint
954 580 1095 659 potestati
1117 582 1357 659 ecclesiasticae,

66 679 120 759 qui
142 675 216 736 boni
236 682 337 754 patres
358 671 484 761 excogi
466 679 604 730 taverunt
625 672 685 730 sihi
708 669 930 744 confessionem,
964 688 1023 746 qua
1045 670 1192 731 mediante
1225 690 1263 730 ex
1290 671 1358 731 illis

65 765 288 844 quaesiverunt,
311 759 446 819 scientae
465 746 581 834 aliquid
604 756 641 817 de
661 757 710 818 his
729 752 893 831 caedibus,
908 765 938 815 et
958 757 1003 816 ite
1024 774 1099 824 unns
1120 757 1207 817 alteri
1238 758 1367 820 eosdem

65 850 200 925 tradidit,
233 849 311 908 sicut
332 845 488 905 Christum
507 845 671 909 Dominum
687 845 810 908 Pilatus
843 843 957 905 Herodi
988 850 1043 902 eto
1069 842 1207 930 Tandem
1239 845 1358 921 qualern

67 936 338 1017 compensationem
360 931 514 992 fecerint
505 952 536 990 ιιι
560 931 710 1008 Teynensi
731 930 856 991 ecclesia
877 932 956 1008 apud
977 930 1128 1005 lecturam,
1159 910 1193 995 ιι
1210 932 1336 992 adhuc
1325 953 1358 993 m

181 1024 230 1082 his
251 1021 319 1083 finis
341 1040 399 1081 non
422 1004 541 1093 tutte
511 1026 541 1077 et
561 1020 708 1096 quomodo
730 1017 846 1078 Passek
868 1036 939 1095 erga
960 1017 1028 1075 illos
1050 1034 1082 1115 se
1103 1016 1234 1094 gesserit.

62 1200 65 1205 '
154 1193 336 1279 Pragenses
350 1184 566 1253 cessantesa
588 1187 655 1251 suis
679 1153 869 1267 illecebris,
906 1183 1035 1252 adalia
1065 1205 1101 1250 se
1132 1191 1362 1254 converterunt

11 1290 173 1364 'etde
187 1297 356 1383 iniquitate
378 1288 452 1372 ιιι,
475 1290 603 1356 aliam
594 1283 734 1376 rngressi
756 1297 831 1355 sunt
851 1290 1053 1380 iniquitatem
1071 1272 1250 1381 adjuvante
1266 1303 1351 1362 statu

68 1400 291 1486 ecclesiastico
325 1395 415 1462 titulo
437 1396 627 1462 hominum.
659 1394 751 1461 Sicut
772 1396 857 1460 enim
890 1397 1013 1463 Pilatus
1043 1395 1207 1464 Christum
1240 1400 1352 1467 Domi-

68 1528 148 1572 num
170 1481 212 1570 ad
233 1501 416 1587 Herodem,¹
434 1500 542 1571 tunc
533 1501 700 1566 mimicum
723 1521 826 1580 suum,
851 1507 883 1565 et
904 1486 1054 1567 Herodes
1084 1503 1202 1568 iterum
1230 1501 1273 1569 ad
1303 1504 1355 1570 Pi-

65 1612 168 1678 latum
189 1607 369 1674 transmisit
405 1612 436 1669 et
471 1604 547 1670 duci
578 1605 696 1692 jussit:
733 1606 778 1669 ita
796 1652 799 1657 -
814 1603 1054 1671 administrator
1090 1629 1133 1673 ex
1168 1590 1358 1675 consistorio

65 1716 154 1803 (Deo
178 1712 238 1778 soli
259 1711 340 1777 haee
362 1709 502 1798 querela,
526 1708 567 1775 ob
589 1718 655 1775 tam
676 1700 866 1774 innocentes
888 1712 976 1797 etin
997 1718 1063 1775 tam
1084 1711 1217 1798 injusta
1234 1712 1357 1799 violen-

63 1821 110 1886 tia
132 1818 279 1903 homines
316 1813 517 1903 obedientes)
538 1813 593 1889 ‚ad
616 1815 737 1878 curiam
754 1814 791 1877 in
816 1820 961 1878 senatum
994 1813 1054 1879 hos
1080 1816 1279 1900 innocentes,
1324 1823 1359 1882 et

64 1931 230 1990 senatores
253 1942 295 1985 ex
318 1912 430 1984 senatu
453 1920 569 1984 iterum
591 1917 641 1983 ad.
655 1917 880 1982 consistorium
903 1912 1036 2006 saepius
1052 1919 1264 1998 tradiderunt,
1297 1930 1354 1987 aut

64 2050 108 2096 ex
140 2016 229 2092 tribu
259 2023 302 2089 ed
323 2023 632 2106 administratorem,
667 2021 847 2087 etiterum
878 2011 1117 2115 administrator
1149 2024 1192 2090 ad
1206 2058 1210 2065 ·
1226 2024 1356 2112 tribum,

63 2128 136 2199 non·
157 2129 267 2213 semel,
291 2128 348 2194 sed
373 2128 502 2216 saepius
523 2125 698 2193 hincinde
719 2125 867 2192 homines
889 2127 948 2191 hos
960 2125 1137 2211 mittebant,
1150 2127 1231 2194 illud
1249 2138 1356 2196 autent

68 2237 133 2302 hou
152 2234 248 2302 modo
271 2235 439 2322 processit,
470 2231 560 2321 quod·
576 2231 627 2297 his
644 2230 1024 2319 omnibustemporibus,
1043 2233 1229 2320 incipiendo
1263 2257 1284 2300 a
1304 2235 1358 2302 die

70 2316 624 2425 S.Wenceslaiannipraecedentis
635 2343 695 2403 etc.
719 2335 815 2408 1524.
838 2336 933 2402 multi
952 2335 1144 2404 mechanici
1156 2345 1188 2403 et
1208 2340 1357 2435 negocia·
1400 2368 1403 2375 ·

67 2453 153 2511 tores
175 2434 318 2511 aliment
297 2451 337 2508 ιιι
361 2441 507 2507 destituti
528 2439 734 2507 afflictiones
743 2438 922 2506 horrendas
946 2443 1175 2509 ιιιιιιιιιιιιι
1217 2431 1358 2548 Quidam

65 2572 127 2638 per
147 2546 291 2614 medium
312 2567 442 2630 annum,
475 2545 576 2633 aliqui
611 2567 670 2633 per
703 2544 914 2634 quadrantem
935 2548 1027 2632 anni,
1061 2549 1117 2619 alii
1151 2551 1270 2618 diutius
1302 2550 1358 2618 eli·
1424 2566 1426 2570 ’

65 2662 178 2720 menta
199 2652 262 2718 sibi
283 2672 457 2741 procurare
480 2672 544 2716 non
566 2658 755 2737 potuerunt,
784 2651 902 2743 privati
937 2649 1064 2737 labore,
1102 2657 1179 2743 quia
1210 2656 1358 2742 magistri

67 2758 213 2826 tribuum
242 2757 284 2823 de
315 2756 380 2822 illis
409 2755 494 2821 male
516 2754 615 2823 locuti
651 2755 738 2844 apud
758 2750 883 2822 incolas
904 2778 960 2823 eos
983 2757 1112 2826 odiosos
1134 2758 1378 2844 reddiderunt

38 2864 160 2954 -'quasi
181 2863 322 2951 pessima
343 2866 592 2949 perpetrassent.
642 2859 686 2924 Et
719 2858 796 2924 dum
834 2870 960 2948 tempus
983 2862 1136 2949 paschale
1157 2863 1355 2951 advenisset,

63 2965 328 3034 sacerdotest
272 2974 328 3031 aut
344 2963 480 3084 parochi
503 2972 722 3050 coegeruntt
666 2965 916 3030 tterritoriales
953 2987 1028 3032 suos
1061 2967 1103 3033 ad
1138 2969 1357 3065 peragendam

64 3069 352 3153 confessionemf
342 3091 376 3134 ιιι
390 3083 462 3156 qua
500 3067 542 3133 de
577 3064 642 3133 illis
663 3067 872 3157 quaerebant,
896 3088 938 3136 an
960 3071 1002 3136 de
1038 3072 1150 3162 aliqua
1177 3073 1358 3161 proditione

33 3244 39 3255 ,
63 3171 130 3243 illis
154 3184 288 3259 constet,
323 3173 408 3262 quod
431 3173 626 3240 Pickhartae
648 3173 804 3262 quosdam
827 3175 975 3242 occidere
996 3176 1176 3256 voluerint;
1197 3187 1230 3243 et
1251 3187 1367 3247 temen.

50 3281 186 3347 'rescire
207 3279 291 3346 nihil
309 3287 488 3368 potuerunt:
520 3280 604 3345 Nota
617 3303 632 3364 3-
647 3279 689 3365 ad
711 3279 823 3367 quales
844 3279 980 3346 insidias
1002 3290 1035 3347 et
1055 3281 1163 3348 dolum
1176 3284 1357 3352 confessio-

58 3390 125 3451 'nes
148 3383 229 3450 tales
250 3385 447 3465 instituerint
469 3392 501 3450 et
522 3392 711 3450 conuertere
732 3384 903 3468 voluerint,
925 3395 960 3450 ιι
970 3408 1087 3474 nempe
1108 3389 1249 3455 reseiant
1270 3390 1356 3480 talia,

67 3499 99 3556 et
123 3510 206 3578 quae
228 3489 303 3554 laici
324 3511 382 3577 per
405 3496 553 3569 torturas,
575 3510 637 3554 nee
659 3487 723 3553 alia
755 3489 810 3555 via
831 3488 896 3554 ullo
918 3489 1013 3556 modo
1036 3499 1227 3581 extorquere
1248 3503 1357 3583 potue·

68 3603 156 3678 runt,
179 3593 319 3682 adquae
340 3605 457 3679 'cogere
479 3593 552 3657 illos
575 3601 788 3673 tentaverunt,
810 3592 890 3658 illud
913 3585 1096 3661 sacerdotes
1118 3606 1150 3662 et
1171 3598 1359 3669 confessarii

68 3698 143 3764 dolo
168 3697 309 3764 clericali
332 3718 541 3784 compensare
564 3696 744 3782 debuerint,
769 3706 802 3762 ut
823 3698 1227 3769 confessionemrevelent·
1247 3713 1279 3772 et
1302 3704 1360 3772 ho·¹

64 3805 169 3869 mines
192 3803 347 3884 deferant,
371 3811 403 3868 et
438 3801 569 3866 tandem
590 3801 629 3868 ad
654 3802 820 3889 sanguinis
850 3803 1070 3890 profusionem
1103 3805 1272 3876 deducant
1314 3809 1358 3875 Et

66 3907 144 3973 dum
166 3929 271 3995 neque
294 3929 352 3995 per
389 3906 507 3971 similia
542 3904 666 3992 aliquid
700 3905 829 3972 efficere
864 3915 1046 3996 potuerunt,
1081 3912 1211 3978 tandem
1244 3912 1370 3983 omnes

64 4013 168 4078 trihus
191 4012 374 4077 successive
396 4032 456 4096 per
477 4004 623 4076 ordinem
646 4009 837 4093 citabantur,
859 4010 915 4077 ubi
936 4013 1092 4081 habentes
1115 4018 1200 4083 iuter
1222 4040 1257 4084 se
1282 4041 1357 4086 con·

66 4120 167 4200 eires,
205 4103 259 4183 ιιι
300 4116 433 4199 ιιιοιιι,
468 4117 584 4203 quibus
624 4138 690 4182 non
733 4115 896 4201 favebant,
939 4127 1076 4203 notatos,
1114 4104 1236 4190 eisdem
1272 4145 1358 4192 com·

64 4226 186 4290 mercia
229 4230 262 4287 et
287 4221 458 4287 alimenta
501 4243 611 4287 eorum
653 4219 906 4309 praecluserunt,
943 4233 1132 4291 accusantes
1167 4226 1241 4293 illos
1288 4231 1358 4297 siue

65 4327 177 4393 debita
212 4326 376 4392 audientia
412 4334 444 4390 et
479 4325 688 4413 probatione,
726 4346 768 4410 ex
789 4326 939 4412 opinione
952 4334 987 4417 et
1021 4331 1203 4419 suspicione
1235 4336 1358 4402 incerta

65 4441 98 4498 et
120 4432 212 4516 falsa,
236 4431 323 4520 quod
344 4430 490 4496 homines
512 4432 547 4496 in
569 4429 633 4496 fide
656 4431 783 4496 erronei
805 4430 878 4508 sint,
901 4431 943 4498 ad
975 4432 1266 4503 administratorem
1302 4459 1358 4505 eos

65 4536 272 4616 deferentes,
308 4543 344 4600 ut
379 4534 440 4608 hae
477 4535 510 4600 ιι
546 4543 638 4623 parte
677 4535 888 4602 emendentur
924 4545 956 4605 et
977 4539 1194 4628 respondeant
1231 4542 1273 4608 de
1294 4542 1358 4610 fide

66 4663 135 4720 ιιι,
169 4649 201 4706 ιι
237 4642 263 4734 ιι
296 4639 338 4706 ed
353 4638 506 4705 alimenta
536 4638 719 4727 quaerenda
752 4640 877 4712 admitti
909 4643 1020 4728 velint,
1056 4644 1143 4733 quod
1164 4646 1358 4716 tenebuntur

63 4738 259 4817 abeodem
295 4748 514 4818 testimonium
550 4751 612 4821 sub
635 4749 742 4840 sigillo
765 4749 907 4843 adferre,
927 4758 964 4822 et
979 4750 1073 4844 apud
1099 4750 1185 4817 mss
1204 4750 1380 4816 eildissun
