2948 5040
114 167 178 233 266

110 339 263 407 timentes
284 339 461 408 undictam
484 361 547 406 nee
569 359 723 430 poenam,
746 338 812 406 iliis
835 338 944 406 omnia
966 337 1062 404 aliter
1083 337 1126 404 ob
1146 337 1343 404 nocuitatem
1356 339 1410 406 ho

107 443 231 510 minum
265 440 421 511 laicorum
451 445 624 511 aestimata
646 443 786 528 fuerunt,
810 451 843 509 et
864 442 973 508 omnia
994 440 1143 508 indebita·
1168 449 1202 507 et
1223 441 1413 509 inordinata

106 545 250 614 admissa
272 557 356 633 sunt,
371 551 470 637 juxta
492 570 664 614 commune
687 549 855 636 antiquum
871 545 1093 634 proverbium:
1118 546 1240 628 Quales
1262 547 1413 634 parochi,

105 651 186 717 tales
220 644 419 740 parochiani,
457 663 490 719 et
504 649 597 719 'sicut
617 652 778 736 dominus,
800 653 847 718 ita
868 658 902 717 et
922 672 1044 716 servus.
1104 650 1177 716 Non
1207 650 1409 719 erubuerant

105 764 212 822 autem
234 757 339 842 fateri,
363 756 449 846 quod
461 757 665 824 haecomnia
675 764 810 845 propter
831 777 960 821 sacrum
969 754 1189 841 Evangelium
1213 757 1410 822 sustineant·

648 1032 794 1117 onnus
816 1034 869 1119 31.

107 1234 145 1294 Iu
166 1251 226 1310 quo
246 1232 414 1295 insinnatur
436 1232 473 1293 de
494 1250 566 1310 rege
587 1229 716 1305 Joanne,
739 1229 829 1290 aliter
851 1227 1016 1308 Stephano,
1038 1229 1091 1307 qui
1114 1229 1218 1290 dolore
1240 1235 1411 1290 commotus

107 1321 137 1378 in
159 1319 302 1379 auxriium
324 1318 383 1378 sibi
404 1318 571 1396 assumpsit
593 1318 725 1379 Turcam
747 1323 852 1378 contra
873 1336 973 1396 regem
995 1317 1229 1377 Ferdinandum.
1269 1317 1312 1375 Et
1335 1336 1410 1396 quo·

108 1407 194 1466 modo
217 1406 321 1464 Turea
342 1423 468 1482 regnum
489 1405 668 1484 Hungariae
696 1403 910 1477 devastaverit,
939 1403 1058 1464 Budam
1092 1410 1121 1463 et
1142 1403 1219 1463 alias
1249 1421 1338 1464 arces
1360 1424 1410 1463 ex·

108 1489 302 1572 pugnaverim
336 1493 456 1552 tandem
479 1492 629 1553 Viennam
652 1509 746 1567 usque
776 1489 946 1569 pervenerit
980 1499 1009 1550 et
1038 1489 1268 1569 oppugnaverit.
1314 1488 1413 1552 Simul

170 1597 278 1639 causae
299 1579 482 1654 adferuntur,
504 1599 557 1640 our
579 1580 720 1649 Deusin
741 1597 842 1656 regem
855 1579 954 1638 talem
976 1577 1133 1639 inimicum
1154 1577 1324 1639 immis0rit.

193 1727 319 1812 Eodem
341 1752 419 1797 vero
442 1753 527 1796 anno
551 1739 673 1798 exorta*
688 1739 740 1796 est
761 1729 826 1796 alia
849 1728 1022 1797 concitatio
1043 1726 1166 1815 populi,
1196 1726 1256 1794 sub
1279 1727 1413 1794 initium

107 1834 209 1901 ferme
230 1836 377 1902 autumni
398 1858 441 1902 ex
473 1835 625 1903 continua
657 1834 882 1924 inquietudine
918 1834 1036 1900 mentis
1072 1830 1209 1899 Joauuis
1240 1830 1414 1919 Stephani,

109 1931 254 2006 coronati
286 1940 375 2027 regis
407 1939 596 2028 Hungariae
620 1962 662 2006 ex
693 1939 756 2006 hoo
789 1961 890 2027 regno
928 1937 1022 2027 puisi,
1046 1936 1196 2021 dolentis,
1230 1934 1323 2024 quod
1346 1944 1412 2002 mm

108 2051 351 2132 contemptuose
384 2034 555 2132 expulsus
572 2043 670 2109 fuerit
701 2065 750 2121 ,ex
771 2043 834 2109 hoo
856 2064 969 2130 reguo,
991 2050 1089 2131 atque
1122 2049 1210 2107 terra
1232 2048 1266 2105 et
1288 2039 1414 2108 ducatu

107 2145 391 2237 Transsylvaniae,
425 2171 446 2214 a
477 2147 688 2215 Fordinando
719 2169 799 2235 rege
829 2146 1022 2230 Bohemiae,
1046 2154 1078 2212 et
1107 2168 1180 2211 cum
1203 2153 1270 2211 mm
1292 2154 1414 2233 potens

104 2254 172 2341 jam
206 2275 272 2319 non
306 2252 426 2338 fuerit„
447 2261 483 2318 ut
514 2255 668 2319 resistere
702 2261 734 2319 et
770 2274 806 2317 se
838 2251 1009 2319 vindicare
1031 2262 1153 2338 posset,
1173 2251 1272 2317 inivit
1293 2250 1415 2316 miram

108 2356 295 2430 amicitiam¹
310 2341 394 2422 'eum
416 2357 614 2445 imperatore
636 2355 787 2440 Turcioo,
810 2339 877 2445 qui*
896 2355 1026 2421 tandem
1049 2362 1137 2422 certo
1160 2354 1258 2421 modo
1281 2354 1328 2420 ad
1350 2355 1414 2421 hoe

107 2482 245 2548 regnum
276 2460 503 2549 recipiendum
526 2483 600 2527 eum
622 2460 750 2550 adjuvit
772 2470 805 2527 et
826 2482 920 2528 arces
942 2464 977 2529 in
1000 2459 1172 2547 Hungaria
1194 2451 1412 2548 expugnavit

109 2564 257 2652 Hungari
281 2564 363 2631 haec
384 2564 545 2648 videntes,
569 2567 761 2653 praesertim
782 2566 841 2651 illi,
875 2568 930 2656 qui
951 2566 1015 2632 sibi
1037 2587 1148 2653 regem
1170 2553 1404 2631 Bohemiaeiu

109 2668 277 2735 dominum
311 2691 405 2735 suum
440 2669 621 2756 elegerunt,
645 2668 722 2735 dum
745 2669 788 2735 ad
810 2669 1029 2736 resistendum
1052 2693 1086 2736 se
1109 2670 1311 2757 impotentes
1338 2689 1407 2735 esse

109 2773 338 2860 agnovissent,
362 2771 455 2839 multi
491 2775 611 2839 iterum
634 2774 785 2841 conversi
807 2774 939 2840 fuerunt
959 2773 1002 2840 ad
1024 2771 1235 2862 Stephanum,
1259 2780 1293 2839 et
1318 2775 1412 2842 illum

111 2898 170 2964 pro
193 2875 324 2942 domino
348 2898 405 2942 suo
430 2885 654 2970 susceperunt3
680 2900 743 2966 quo
765 2878 862 2945 modo
885 2888 1004 2962 autem,
1029 2886 1061 2944 et
1083 2872 1143 2943 sub
1167 2877 1256 2965 quali
1277 2878 1357 2946 velo
1371 2877 1412 2944 'id

109 2982 230 3047 factum
252 2980 358 3064 firerit,
374 3002 448 3048 eum
469 2981 621 3069 Hungari
638 2983 710 3071 jam
730 2983 858 3071 pridem
879 2991 1028 3071 respectu
1054 3004 1183 3049 suorum
1207 2981 1413 3049 dominorum

109 3086 189 3151 vitio
210 3087 449 3152 inconstantiae
472 3088 575 3153 notati
599 3081 730 3171 fuerint,
752 3087 788 3153 id
810 3088 902 3153 Deus
925 3089 998 3176 ipse
1020 3086 1107 3153 solus
1124 3085 1300 3174 judicabit.
1331 3087 1413 3170 <Qui

113 3197 222 3255 autem
255 3188 386 3255 ibidem
413 3189 616 3278 stipendiarii
638 3194 726 3278 regis
759 3190 942 3276 adfuerunt,
976 3190 1151 3257 defendere
1185 3200 1219 3256 s'e
1251 3190 1412 3276 volentes,

112 3295 218 3360 eoacti
240 3293 371 3360 fuerunt
392 3292 567 3361 violentiae
589 3297 709 3362 nimiae
732 3296 859 3379 cedere,
882 3304 915 3362 et
935 3284 1067 3384 quidam
1089 3296 1187 3360 etiam
1210 3297 1314 3363 occisi
1347 3297 1411 3363 fine-

110 3408 194 3477 runt‚
229 3408 262 3465 et
298 3398 375 3464 dum
409 3408 473 3464 tam
507 3423 698 3467 numerosus
728 3402 932 3467 inimieorum
955 3401 1117 3472 exercitus
1140 3393 1270 3487 semper
1304 3403 1410 3489 magis

111 3503 224 3570 Budae
268 3504 572 3591 appropinquasset,
609 3506 747 3592 urgebat
779 3508 876 3572 etiam
906 3505 1061 3594 populum
1093 3505 1229 3590 regium,
1266 3505 1357 3593 quod
1378 3527 1411 3570 se

110 3608 238 3674 Budam
261 3608 419 3695 recipere,
443 3616 475 3672 et
495 3608 619 3675 ibidem
641 3609 766 3676 includi
787 3609 946 3696 debuerit,
963 3610 1068 3675 donec
1089 3608 1221 3675 tandem
1234 3600 1334 3675 etiam
1351 3611 1410 3676 Bu·

113 3712 190 3778 dam
212 3711 343 3777 tradere
366 3700 546 3778 debuerint.
568 3714 695 3780 Turoae
717 3737 796 3781 vero
819 3736 893 3780 eum
915 3714 1080 3803 Stephano
1103 3723 1333 3803 expugnantes
1348 3714 1408 3780 Bu·

113 3817 198 3901 dam,
222 3816 339 3881 multos
372 3815 502 3882 illorum
524 3817 807 3905 stipendiariorum
840 3819 1038 3886 occiderunt.
1083 3818 1214 3885 Abinde
1244 3840 1410 3907 proeesse·

111 3928 187 3987 runt
209 3919 251 3984 ad
273 3919 355 3986 alias
386 3941 480 3986 arces
502 3929 546 3994 ,et
567 3922 717 3987 civitates
748 3921 965 4009 Hungarieas,
986 3925 1033 3989 uti
1056 3923 1297 4009 Ostrogomum,
1321 3923 1410 3989 Anti·

113 4046 194 4113 quas
229 4023 334 4091 Aroes
369 4033 430 4090 ete.
452 4025 575 4091 Ultimo
597 4024 729 4092 tandem
753 4028 850 4093 etiam
882 4027 1048 4092 Austriam
1084 4027 1225 4114 ingressi
1248 4035 1335 4111 sunt,
1357 4027 1410 4092 ubi
1444 4039 1452 4084 ζ

113 4131 302 4214 occisiones,
338 4133 535 4215 exustiones,
567 4131 699 4219 rapinas
732 4141 964 4217 exercuerunt,
988 4131 1093 4197 donec
1125 4153 1228 4219 usque
1250 4131 1419 4198 Viennam·

112 4258 227 4304 versus
249 4237 488 4325 pervenissent,
511 4237 603 4302 eirca
621 4245 750 4324 tempus
773 4237 884 4305 Sancti
907 4237 1103 4320 Wenceslai,
1127 4234 1180 4300 hie
1217 4244 1327 4301 castra
1349 4258 1411 4301 me·

113 4345 173 4410 tati
196 4351 281 4427 sunt,
305 4350 338 4408 et
360 4341 480 4407 damna
502 4340 641 4427 grandia
662 4341 850 4409 intulerunt.
893 4343 965 4408 Rex
986 4363 1065 4408 vero
1089 4337 1322 4406 Ferdiuandus
1335 4347 1409 4405 tuno

113 4445 221 4513 Lincii
242 4444 429 4512 morabatur
451 4443 591 4532 quodam
614 4451 762 4533 tempore
784 4469 858 4512 eum
880 4445 955 4512 aula
977 4466 1043 4511 sua.
1088 4442 1301 4531 Stipendiarii
1324 4465 1411 4522 vero,

114 4553 171 4641 qui
193 4550 256 4617 hoe
278 4559 425 4637 tempore
448 4571 491 4614 ex
513 4549 673 4615 Bohemia
694 4557 727 4616 et
749 4553 848 4617 variis
871 4551 945 4616 aliis
970 4548 1155 4637 regionibus
1171 4547 1320 4616 Viennae
1333 4570 1412 4615 con·

115 4657 242 4745 gregati
263 4656 402 4732 fuerant,
425 4655 559 4721 civitate
581 4653 713 4720 occlusa
735 4657 875 4723 viriliter
897 4678 932 4722 se
957 4654 1187 4738 defenderunt,
1199 4660 1232 4719 et
1242 4652 1321 4720 dnm
1334 4655 1411 4720 'lim

103 4779 165 4825 cae
193 4768 318 4848 pontes
348 4757 439 4850 apud
462 4759 630 4830 civitatem
650 4758 799 4829 obtinere
829 4759 1052 4840 intendebant,
1071 4768 1154 4828 tum
1177 4762 1294 4848 copiae
1317 4758 1412 4828 Vien-
