2948 5040
1302 150 1345 223 to

48 353 132 418 gare
163 351 184 394 a
215 327 445 395 Pikhartorum
465 327 547 394 labe
585 325 650 393 Hic
681 325 778 393 homo
811 324 950 393 subinde
983 322 1026 391 ad
1048 323 1206 411 quasdam
1223 346 1344 415 perso·

52 456 116 501 nas
135 435 275 521 ipsemet
296 440 410 498 conns
438 453 474 497 se
498 430 590 519 (dum
623 430 824 496 desiderium
845 429 1172 496 vindictaeretioere
1193 452 1260 497 non
1281 453 1343 518 po-

51 545 145 621 terat
167 539 202 603 in
225 557 289 624 qua
302 534 449 601 vindicta
468 537 565 621 pauci
583 535 615 599 ei
629 555 724 621 pares
740 531 1004 620 inveniebantur)
1021 531 1153 619 publice
1166 534 1214 598 ita
1235 533 1345 621 loque·

53 641 167 709 batur:
197 641 395 727 „Nunquam
421 660 494 705 cum
519 640 653 704 inimico
679 647 734 705 tuo
757 639 814 704 diu
836 635 997 704 contende
1017 635 1140 715 verbis,
1168 637 1274 709 ¹multa
1295 638 1343 704 lo·

51 745 193 834 qnando,
217 745 276 810 sed
298 752 463 832 exspecta,
479 743 584 809 donec
616 742 715 809 vadat
734 765 794 830 per
814 741 1024 830 ponticulum,
1044 739 1093 806 ibi
1114 741 1216 828 pedes
1241 741 1348 808 eidem

56 849 222 928 subverte,
256 856 293 913 ut
312 849 451 935 ipsemet
471 846 598 914 cadat“
630 847 675 913 Et
705 848 824 911 iterum
857 844 997 912 subinde
1013 844 1170 931 jactando
1193 845 1343 915 dicebatr

48 952 162 1037 „Tam
183 952 348 1041 perfectus
362 949 568 1017 Christianus
591 971 750 1016 essenon
772 972 914 1036 possum,
936 957 973 1013 ut
989 949 1121 1014 inimico
1142 970 1217 1014 meo
1239 952 1347 1036 ignes

54 1079 131 1122 cere
153 1078 286 1144 possem
305 1055 373 1134 illa,
396 1077 479 1142 quae
495 1063 608 1121 contra
630 1076 683 1120 me
704 1055 802 1140 egit“
826 1054 873 1120 Ol
897 1051 1075 1139 superbum
1096 1051 1228 1138 dictum,
1253 1056 1347 1141 quasi

55 1160 100 1226 ab
129 1181 168 1225 eo
199 1157 391 1247 procedens,
426 1159 483 1246 qui
503 1159 613 1224 Deum
635 1179 734 1245 supra
757 1180 793 1223 se
814 1166 980 1245 potentem
1009 1179 1075 1222 non
1096 1159 1212 1237 noscit,
1235 1162 1291 1248 qui
1312 1162 1349 1226 in

51 1264 194 1332 veritate
215 1264 303 1328 inter
323 1261 406 1329 alios
429 1261 587 1350 superbos
610 1260 785 1327 assimilari
806 1269 914 1347 potest
941 1259 1257 1328 Nabuchodonosori
1277 1263 1350 1350 regi

50 1366 264 1454 Babyloniae,
300 1367 356 1453 qni
385 1366 427 1433 ob
460 1367 596 1432 nimiam
629 1364 815 1453 snperbiam
841 1374 1074 1431 transmutatus
1098 1374 1156 1450 est,
1188 1369 1282 1454 quasi
1313 1369 1350 1434 in

51 1470 176 1537 animal
196 1479 340 1555 mutum;
372 1469 460 1558 apud
483 1492 579 1558 quem
601 1472 699 1535 etiam
718 1469 885 1535 hominem
908 1469 1050 1553 (Passek
1071 1470 1203 1559 nempe)
1232 1493 1348 1559 super·

53 1575 111 1642 bia
132 1596 253 1672 magna
273 1574 390 1658 fuerat,
412 1597 486 1641 oum
508 1575 590 1640 haec
612 1573 808 1661 quibusdam
830 1573 1017 1640 hominibus
1046 1575 1082 1639 in
1103 1575 1201 1641 domo
1223 1597 1283 1641 sua
1303 1575 1349 1642 fe·

54 1680 148 1755 cerit,
177 1679 371 1765 praesertim
395 1679 492 1744 uxori
520 1677 665 1743 Mathiae
690 1677 911 1760 Hruebenaru,
948 1679 1004 1765 qui
1034 1679 1070 1742 in
1102 1677 1165 1744 heo
1187 1679 1347 1747 seditione

52 1784 277 1849 incarceratus
297 1781 413 1864 fueret,
436 1790 469 1847 et
488 1804 548 1868 per
578 1781 763 1847 carnificem
790 1784 932 1868 torqueri
963 1781 1077 1848 debuit
1098 1782 1155 1870 (de
1177 1804 1240 1871 quo
1261 1782 1349 1849 infra

55 1888 213 1973 scriptum
236 1894 286 1950 est
306 1885 466 1974 22.oap.),
491 1908 574 1972 quae
595 1907 680 1950 uxor
702 1906 812 1950 coram
830 1887 903 1972 ipso
929 1886 1065 1952 elevatis
1087 1887 1247 1971 manibus,
1270 1887 1349 1956 fleu·

55 1988 145 2057 tibus
167 1990 281 2074 oculis,
303 2012 379 2055 cum
400 2011 519 2056 novem
541 1988 686 2076 prolibus
718 1990 858 2077 propriis
896 1988 1151 2076 lacrymantibus
1180 1993 1216 2055 in
1239 2012 1348 2077 genua

56 2093 215 2182 procidit,v
231 2104 264 2159 et
284 2116 345 2182 pro
369 2116 427 2160 sno
450 2095 565 2160 marito
587 2094 783 2176 intercessit,
812 2101 849 2158 ut
871 2091 986 2159 saltem
1008 2115 1120 2159 carcer
1142 2094 1250 2159 eidem
1272 2095 1348 2160 elle·

56 2203 184 2287 vietur3
208 2201 266 2266 sed
287 2197 354 2282 ille,
375 2207 413 2265 ut
433 2220 574 2286 nequam
595 2200 768 2281 maximus,
791 2197 883 2263 illam
904 2221 925 2263 a
947 2220 982 2263 se
1003 2198 1123 2284 abegit
1157 2198 1251 2277 Item,
1273 2199 1352 2266 dum

56 2305 190 2396 quidam
214 2303 369 2371 Nicolaus
401 2305 482 2370 civis
517 2303 559 2368 de
588 2304 702 2390 spinea
735 2324 855 2368 corona
877 2326 920 2368 ex
943 2303 1139 2389 obligatione
1173 2305 1273 2369 officii
1295 2306 1347 2370 sui

54 2411 280 2477 admonuisset
309 2429 384 2474 eum
411 2408 445 2472 in
479 2405 586 2471 domo·
602 2428 661 2472 sua
690 2406 731 2472 de
753 2406 864 2473 debito
884 2407 940 2472 ad
969 2409 1233 2474 communitatem
1254 2410 1352 2496 portia

52 2523 157 2582 nante
178 2536 238 2601 pro
259 2510 350 2578 coloe
373 2519 406 2577 et
427 2509 593 2592 lateribus,
624 2533 744 2594 rogans
768 2514 843 2576 eum
864 2512 1016 2597 precibus
1045 2512 1230 2596 humilibus,
1254 2515 1348 2601 quasi

56 2640 181 2706 regem,
205 2627 241 2683 nt
262 2616 370 2682 eidem
393 2614 540 2680 debitum
561 2626 694 2703 propter
715 2617 940 2681 imminentem
969 2625 1158 2704 computum
1181 2618 1350 2703 exsolvat,

57 2723 117 2790 ille
146 2723 310 2809 seipsum
332 2721 368 2784 in
390 2742 449 2784 sua
479 2718 631 2804 superbia
652 2741 718 2784 non
740 2742 932 2805 agnoscens,
950 2720 986 2785 'ei
1008 2725 1192 2811 respondit:
1207 2726 1348 2812 „spinea

58 2826 201 2895 coronal
224 2824 335 2890 tuille
352 2825 424 2912 jam
444 2823 583 2910 amplius
599 2844 664 2888 non
681 2824 755 2906 eris,
779 2826 910 2912 quaeris
933 2824 1004 2906 hoc,
1028 2828 1115 2915 quod
1136 2851 1189 2894 me
1211 2831 1349 2917 amplius

56 2954 127 2997 uon
149 2928 332 3011 monebis,“
354 2927 477 2992 adhoc
498 2929 621 3011 dicens,
644 2928 731 3016 quod
745 2928 837 2994 illum
859 2930 969 2995 officio
991 2934 1121 3017 privare
1143 2934 1231 3002 velit
1253 2935 1350 3001 Nico·

61 3035 135 3101 leus
164 3055 244 3100 vero
271 3054 346 3098 cum
374 3054 498 3120 pauper
530 3033 637 3116 hierit,
671 3033 733 3099 hoc
755 3034 864 3098 officio
887 3033 1014 3120 egebat,
1037 3038 1071 3101 in
1094 3037 1151 3102 illo
1168 3039 1240 3126 jam
1262 3042 1349 3104 octb-

60 3139 170 3207 decim
191 3139 287 3204 annis
308 3138 499 3225 persistens,
521 3137 662 3224 procidit
683 3140 717 3202 in
739 3159 846 3223 genua
883 3161 992 3204 coram
1021 3134 1094 3227 ipso
1125 3151 1158 3205 et
1199 3142 1352 3230 lacrymis

62 3243 195 3330 rogavit
222 3242 313 3308 illum
341 3263 400 3328 per
420 3241 541 3324 Deum,
570 3250 607 3306 ut
635 3242 684 3306 illi
714 3243 777 3308 hoc
799 3264 864 3307 non
887 3243 994 3327 faciat,
1028 3254 1065 3310 ut
1087 3268 1160 3310 eum
1182 3267 1267 3331 pane
1290 3269 1348 3312 suo

59 3370 128 3414 non
148 3348 265 3434 privet,
289 3345 375 3433 quod
390 3347 461 3432 ipse
482 3346 516 3410 in
538 3356 728 3433 paupertate
743 3370 802 3413 sua
824 3350 1026 3432 constitutus,
1047 3350 1109 3414 hoo
1131 3349 1276 3415 debitum
1300 3374 1353 3417 ex·

61 3451 190 3518 solvere
210 3449 300 3517 velit
334 3448 400 3514 Sed
422 3449 489 3532 ille,
512 3453 605 3538 quasi
626 3453 746 3517 animal
768 3452 909 3535 crudele,
943 3455 1053 3518 mitior
1074 3476 1139 3519 non
1160 3456 1264 3520 factus
1286 3455 1355 3535 fuit,

62 3578 179 3625 verum
199 3557 296 3644 paulo
318 3565 400 3644 post,
420 3556 516 3640 juxta
537 3555 798 3620 informationem
819 3554 959 3639 illorum,
983 3559 1039 3644 qui
1061 3559 1132 3644 ejus
1153 3567 1280 3646 partem
1302 3581 1353 3625 se·

62 3665 131 3729 outi
167 3671 251 3745 sunt,
285 3662 428 3749 privavit
461 3683 534 3726 eum
569 3661 712 3740 servitio,
747 3666 779 3724 et
800 3659 882 3725 nihil
915 3660 1023 3725 eidem
1056 3661 1155 3727 dedit.
1191 3662 1351 3748 Tandem,

64 3767 197 3857 quando
219 3767 261 3831 ad
282 3767 482 3853 propositam
504 3766 726 3852 quaestionem
749 3762 790 3829 ab
807 3785 844 3828 eo
867 3764 909 3828 de
930 3763 994 3828 fide
1017 3763 1141 3829 Christi
1162 3765 1295 3853 quidam
1315 3769 1351 3833 in

65 3871 163 3937 domo
188 3872 258 3958 ejus
281 3870 312 3934 ei
333 3868 581 3956 responderunt,
616 3868 782 3934 dieentes:
816 3868 909 3950 haec,
943 3877 998 3933 aut
1020 3869 1101 3934 haec
1124 3868 1272 3935 Christus
1295 3871 1351 3936 ha·

60 3975 139 4043 bere
160 3974 246 4060 vult3
269 3973 437 4061 respondit
457 3973 514 4038 ille
536 3974 786 4040 contumeliose:
812 3972 981 4055 „Christus
1003 3974 1286 4062 inquitOhristus3
1310 3979 1357 4042 ita

54 4079 381 4173 jam'Ohristihestis,
403 4085 440 4143 ut
472 4077 556 4145 bene
591 4100 657 4144 non
691 4080 761 4145 sit“
806 4077 850 4142 Et
886 4079 933 4142 sic
961 4077 1028 4143 alia
1048 4081 1149 4167 impia
1170 4081 1271 4147 multa
1291 4080 1357 4169 ipsi

63 4182 295 4252 adhaerebant
365 4184 370 4192 ’

148 4288 310 4353 Dominus
332 4285 476 4352 Joannes
498 4287 633 4353 Hlawsa
659 4285 701 4351 de
722 4285 806 4351 Mies
833 4286 1003 4350 nativitate
1033 4286 1199 4371 oriundus,
1235 4286 1276 4352 de
1300 4287 1355 4354 ho-

62 4393 166 4460 nestis
197 4389 390 4481 parentibus
424 4414 467 4457 ex
500 4400 585 4457 statu
618 4391 708 4458 civili
741 4399 844 4458 natus.
878 4389 944 4456 Hic
977 4392 1075 4456 etiam
1096 4414 1222 4479 pauper
1243 4400 1358 4458 cantor

62 4498 179 4583 fumat,
215 4497 348 4562 tandem
377 4498 617 4562 matrimonium
638 4496 756 4579 iniens,
779 4515 909 4582 semper
941 4494 1045 4581 gradu
1068 4495 1164 4561 altius
1189 4496 1353 4582 ascendit3

64 4602 194 4689 insigne
223 4601 334 4668 nobile
363 4624 384 4666 a
417 4624 496 4690 rege
524 4600 706 4670 Wladislao
738 4599 878 4666 obtinuit
902 4622 975 4664 cum
997 4600 1093 4666 titulo
1116 4600 1162 4664 de
1179 4600 1376 4674 truens-a,

66 4714 98 4774 et
121 4729 198 4783 cum
226 4706 397 4794 prudentis
421 4715 454 4773 et
474 4706 532 4773 alti
547 4706 670 4796 judicii
701 4704 812 4792 tuerit,
842 4705 976 4777 electus
994 4704 1066 4773 tuit
1086 4713 1124 4769 et
1145 4700 1309 4871 {pcepta
1325 4693 1406 4756 offi-
