2948 5040
134 141 202 233 132

132 309 257 402 ¹aliquid
277 310 342 377 tale
363 307 496 377 audivit.
538 305 689 375 Secundo
709 307 766 374 lex
787 309 900 376 diviua
928 318 1017 378 vetat
1038 307 1137 375 talem
1158 310 1422 393 revocationem

130 412 208 491 'cnm
230 417 304 484 talis
325 413 490 482 revocatio
512 412 555 477 sit
575 433 670 495 vana,
692 411 785 496 falsa,
807 412 1020 501 hypocritica,
1057 411 1145 478 etin
1165 412 1285 479 malam
1307 412 1431 481 famam

132 514 315 606 deducens,
338 518 432 606 quasi
452 537 518 581 nen
541 513 721 600 sufficeret·
734 516 821 602 qued
830 514 979 583 Christus
1001 517 1044 583 ad
1066 520 1306 605 reparationem
1327 517 1433 585 homi·

131 629 184 696 nis
205 623 385 715 peccatoris
407 629 440 685 et
460 621 701 686 revocationem
737 619 779 685 ad
801 620 899 695 fidem
922 634 952 687 et
974 622 1206 711 poenitentiam
1240 645 1301 711 per
1336 645 1432 689 suum

130 753 253 801 novum
274 733 501 796 testamentum
524 732 556 790 et
576 725 683 811 legem
694 726 784 790 viam
799 727 948 792 omnibus
962 728 1214 815 praeparaverit,
1237 727 1293 795 uhi
1317 735 1431 795 tamen

128 838 185 929 jus
207 832 304 902 civile
326 841 359 898 et
380 830 573 898 canonicum
595 826 684 913 dicit,
722 829 810 915 quod
839 830 930 895 illum
962 831 1127 899 hominem
1148 840 1272 897 tanturn
1293 830 1339 897 ad
1363 853 1432 899 cor·

130 924 310 1011 rectionem
331 944 363 1002 et
385 935 624 1003 revocationem
646 933 836 1021 adjudicare
860 944 1015 1023 oporteat,
1051 937 1107 1024 qui
1128 958 1226 1001 causa
1260 944 1348 1001 esset
1374 959 1431 1019 cu·

127 1043 261 1133 jusdam
282 1050 373 1109 actus
395 1039 449 1106 vel
474 1038 632 1105 sermonis
655 1038 803 1116 indebiti,
829 1039 915 1127 quod
937 1062 1054 1127 nempe
1077 1038 1119 1106 ob
1141 1026 1205 1106 tale
1227 1040 1430 1125 scandalum,

123 1149 220 1239 'quod
241 1150 326 1214 inter
348 1144 496 1211 hemines
517 1143 657 1227 induxit,
674 1142 765 1229 juste
786 1142 926 1232 probare
948 1152 1105 1227 teneatur,
1141 1153 1197 1221 aut
1218 1144 1331 1210 verbis
1356 1167 1427 1211 cor-

131 1255 239 1342 rigere
270 1251 325 1319 vel
356 1271 521 1333 revocare,
555 1248 677 1331 dicens,
712 1271 747 1313 se
781 1249 866 1314 male
900 1250 1017 1336 egisse,
1054 1258 1087 1314 et
1109 1260 1176 1314 tum
1205 1251 1279 1337 jam
1297 1250 1378 1336 jure
1399 1259 1431 1315 et

126 1359 218 1448 justo
234 1356 360 1445 judicio
382 1356 488 1422 victus
511 1354 603 1438 foret,
628 1362 658 1419 et
679 1352 894 1442 adjudicatus.
938 1354 1107 1419 Assimilet
1123 1356 1204 1443 jam,
1235 1355 1292 1441 qni
1317 1354 1429 1439 volne-

130 1463 184 1547 rit,
205 1483 306 1543 unum
327 1460 438 1544 alteri;
469 1459 516 1524 ihi
540 1459 635 1540 enim,
668 1480 786 1547 nempe
807 1459 842 1523 in
863 1459 969 1546 primo
992 1481 1079 1542 casu,
1103 1460 1174 1524 sine
1196 1481 1276 1525 vera
1299 1459 1430 1525 delibe-

131 1568 256 1634 ratione
288 1573 321 1631 et
340 1562 561 1630 insinuatione
594 1561 723 1628 debitae
753 1573 786 1628 et
802 1564 911 1650 justae
934 1585 1061 1646 causae,
1097 1562 1175 1650 quid
1203 1563 1258 1629 vel
1280 1585 1342 1628 cnr
1374 1563 1428 1629 ali·

131 1672 202 1762 quis
225 1691 381 1760 revocare
424 1667 479 1734 vel
502 1666 677 1732 emendare
700 1667 827 1750 debeat,
862 1669 955 1735 multi
977 1669 1037 1733 seli
1072 1669 1201 1733 mentiri
1224 1667 1427 1751 debuerunt;

129 1774 184 1845 hic
215 1796 294 1842 vero
323 1780 398 1863 post
429 1770 695 1859 dijudicationem
729 1774 834 1859 primo
884 1782 1011 1860 etpost
1048 1794 1163 1837 causas
1185 1794 1244 1860 per
1261 1771 1426 1861 judicium

130 1879 264 1947 cuilibet
274 1879 456 1964 assignatas
473 1876 691 1942 correctiones
710 1876 897 1943 hominibus
921 1878 1138 1965 imponuntur·
1181 1875 1329 1961 Ideoque
1351 1877 1428 1971 tales

129 1985 353 2055 revocationes
374 1983 516 2072 injustae
539 2005 622 2070 quac
645 1991 729 2066 sunt,
753 1984 845 2048 utin
869 1981 1017 2075 ecelesiis
1040 1981 1129 2064 fiant,
1156 1981 1298 2045 inaniter
1322 2004 1344 2045 a
1365 2002 1428 2046 ma·

128 2091 231 2179 gistro
252 2088 380 2156 Joanne
405 2087 605 2176 Rekycnano
638 2088 732 2153 fictae
773 2097 806 2152 et
827 2089 1040 2174 excogitatae,
1078 2097 1110 2150 et
1131 2106 1151 2149 a
1172 2084 1332 2151 moderno
1358 2107 1428 2151 con·

130 2195 257 2262 historio
287 2192 443 2259 audacter
478 2201 648 2279 susceptae
671 2201 754 2275 sunt,
789 2214 872 2278 quae
895 2191 976 2256 haee
1007 2194 1042 2255 in
1065 2213 1101 2256 se
1121 2187 1302 2270 includunt,
1347 2187 1428 2277 qnod

130 2298 234 2391 adea
256 2299 405 2364 homines
440 2299 543 2362 coacti
566 2296 695 2380 fuerint,
729 2305 765 2361 ut
787 2306 996 2362 contemnant
1026 2294 1227 2360 sacerdotem
1250 2291 1428 2359 Martinum

129 2425 174 2471 ex
193 2401 387 2468 Bethlehem
412 2400 523 2489 (quem
558 2411 672 2489 postea
700 2402 770 2489 jam
805 2410 929 2466 tantum
950 2399 1116 2465 Martineh
1149 2397 1379 2486 nominarunt)
1399 2404 1426 2463 et

128 2505 276 2595 ejusdem
299 2505 433 2586 clerum,
466 2515 503 2570 ut
523 2504 596 2570 illos
614 2504 767 2593 judicent
801 2515 833 2571 et
867 2513 1045 2593 agnoscant
1067 2527 1127 2593 pro
1155 2504 1311 2586 erroneis,
1337 2502 1420 2569 Pith-

127 2609 230 2683 hartis
263 2617 296 2676 et
316 2610 499 2692 haereticis,
535 2612 627 2696 quasi
662 2609 745 2674 false
767 2609 923 2676 decerent
953 2619 1066 2676 contra
1093 2608 1193 2673 fidem
1216 2606 1425 2677 christianam

131 2716 203 2781 sine
232 2715 319 2780 omni
340 2713 540 2803 probatione.
585 2713 774 2797 Considera,
798 2715 893 2803 quale
914 2715 977 2781 hec
995 2714 1156 2803 judicium
1179 2733 1253 2779 esse
1275 2711 1425 2781 debuerit

130 2817 173 2887 ab
198 2817 263 2884 illis
285 2818 480 2902 hominibus,
521 2821 575 2906 qui
598 2841 653 2885 cos
676 2823 904 2888 concionantes
927 2819 1129 2902 audiverunt,
1168 2817 1233 2884 illis
1257 2839 1425 2887 veronen

131 2921 336 3011 competebat
364 2920 532 3010 judicare,
564 2923 622 2988 sed
650 2923 818 3011 judicibus
852 2924 894 2991 ad
932 2925 1013 2991 haec
1035 2924 1236 3009 constitutis3
1271 2923 1317 2989 ad
1352 2923 1428 2991 haec

130 3048 206 3095 cum
216 3048 279 3092 nec
294 3024 435 3115 judices,
458 3048 519 3092 nec
531 3026 599 3092 allii
617 3026 718 3093 ullum
736 3029 952 3096 condemnare
974 3028 1140 3113 deberent,
1163 3028 1429 3116 sinepraesenfia

129 3131 231 3221 partis
253 3129 385 3197 alterins
419 3139 452 3196 et
473 3132 545 3197 sine
568 3133 790 3220 exauditione,
814 3134 868 3202 hic
890 3156 967 3201 vero
990 3133 1166 3200 itafactum
1179 3142 1238 3218 est,
1262 3133 1354 3222 quod
1372 3154 1429 3201 nec

129 3256 287 3326 personae
303 3242 359 3303 eut
379 3257 455 3325 pars
479 3240 639 3303 contraria
650 3261 806 3326 praesens
826 3240 933 3320 fuerit,
953 3262 1059 3329 neque
1071 3241 1173 3306 auditi
1191 3240 1282 3326 prius
1296 3239 1428 3319 fuerint,

130 3361 169 3407 eo
190 3340 296 3405 minus
319 3341 416 3406 etiam
438 3339 540 3407 debiti
562 3351 660 3410 testes
682 3344 864 3429 adfuerunt,
889 3345 947 3412 sed
970 3347 1025 3433 qui
1046 3345 1120 3411 illes
1132 3368 1192 3434 pro
1214 3347 1430 3411 erroneisant

130 3442 302 3510 haereticis
319 3442 362 3533 (si
376 3443 458 3510 tales
473 3468 552 3512 vere
566 3447 708 3537 fuerunt)
715 3450 866 3536 judicare
880 3449 1070 3527 debuerunt,
1094 3447 1229 3531 subdole
1243 3448 1329 3515 illud
1343 3449 1430 3540 plebi

130 3559 185 3615 ant
200 3551 423 3616 communitati
440 3551 651 3635 tradiderunt,
674 3563 709 3618 ut
730 3554 778 3619 illi
800 3558 834 3622 in
849 3555 988 3622 ecclesia
1000 3578 1054 3621 eos
1070 3554 1267 3645 adjudicent,
1290 3575 1428 3642 quorum

130 3651 233 3741 aliqui
247 3675 309 3720 nec
330 3655 476 3721 notitiem
499 3656 598 3722 ullam
614 3656 804 3742 habuerunt,
828 3660 906 3748 quid
928 3670 1051 3726 rectum
1073 3669 1129 3728 aut
1140 3661 1297 3747 injustum
1321 3661 1377 3744 sit,
1399 3668 1428 3725 et

131 3756 228 3846 siqui
241 3760 389 3825 notitam
401 3761 563 3848 quandem
574 3762 797 3850 possederunt,
821 3776 898 3831 tunc
908 3767 942 3831 in
957 3774 1032 3830 actu
1046 3773 1113 3831 tam
1128 3762 1297 3831 subitaneo
1309 3764 1429 3830 turbah'

130 3858 275 3942 fuerunt,
306 3874 342 3930 ut
370 3887 449 3954 prae
479 3877 601 3934 terrore
631 3868 772 3935 colorem
801 3871 911 3936 album
948 3871 1190 3936 nominaverint
1215 3867 1365 3948 rubrum,
1399 3873 1428 3933 et

129 3962 262 4032 rubrum
284 3968 405 4034 album.
428 3970 586 4038 Attendat
608 3975 715 4061 quivis
739 3975 837 4040 etiam
864 3975 940 4041 huic
963 3975 1061 4040 casui.
1083 3975 1172 4051 Dum
1193 3975 1228 4039 in
1242 3972 1428 4062 praesentia

131 4070 220 4156 regis
241 4072 276 4136 in
299 4094 374 4138 arce
397 4073 558 4163 Pragcnsi
587 4077 822 4165 aquibusdam
843 4080 995 4169 parochis
1032 4087 1205 4146 accusatus
1239 4078 1361 4149 fuisset
1381 4102 1427 4147 sa·

129 4171 248 4240 ,cordos
265 4175 426 4243 Martinus
463 4202 536 4246 cum
572 4181 659 4248 clero
694 4206 752 4250 suo
774 4185 809 4249 in
831 4185 979 4271 absentia
1002 4207 1061 4249 sua
1096 4205 1180 4249 anno
1211 4183 1306 4267 1522,
1347 4181 1429 4273 quod

131 4302 256 4348 errores
290 4291 324 4349 et
352 4284 504 4349 haereses
536 4284 657 4373 populo
692 4287 859 4374 praedicet
898 4298 975 4372 etc.;
1011 4296 1088 4353 tunc
1110 4285 1198 4375 apud
1225 4308 1342 4374 regem
1374 4285 1427 4353 ille

130 4383 291 4451 Martinus
314 4386 466 4453 sacerdos
488 4409 562 4451 cum
585 4386 672 4454 clero
696 4413 754 4457 suo
784 4414 820 4456 se
848 4392 1042 4473 insinuavit,
1077 4398 1112 4456 ut
1142 4412 1216 4456 cum
1243 4397 1340 4479 parte
1362 4390 1425 4457 illis

127 4487 270 4556 'adversa
290 4490 354 4556 hac
374 4491 410 4556 in
432 4511 531 4556 causa
554 4490 736 4580 audiantur,
759 4506 884 4583 petens,
907 4505 944 4562 ut
965 4495 1030 4560 illis
1052 4494 1224 4583 probetur,
1246 4496 1282 4561 in
1306 4494 1424 4584 quibus

127 4596 189 4685 ‘aut
221 4593 382 4683 quomodo
411 4593 600 4680 erraverint,
635 4606 667 4662 et
700 4599 728 4663 si
754 4598 800 4663 ita
821 4600 989 4666 inventum
1023 4611 1079 4668 aut
1110 4602 1283 4691 probatum
1317 4599 1423 4680 fuerit,

127 4694 217 4783 'puc'd
241 4698 389 4766 lubentes
422 4699 595 4766 emendare
630 4710 662 4766 et
691 4703 853 4790 corrigere
887 4706 995 4772 velint.
1040 4707 1113 4774 Non
1136 4715 1310 4803 potuerunt
1344 4700 1424 4801 illud
