2948 5040
1329 198 1376 287 tn

78 376 181 444 valde
212 378 413 469 periculosa3
447 406 521 451 oum
537 386 622 473 'ergo
644 372 799 471 articulis,
821 390 855 453 in
878 388 1016 456 comitiis
1038 380 1212 455 celebratis
1231 394 1377 479 tempore

77 482 316 569 purificationis
338 486 500 585 conclusis
523 494 755 575 consenserint,
787 503 819 559 et
840 492 913 559 illos
935 495 981 558 ita
1010 494 1243 576 constituerint,
1266 500 1302 558 ut
1322 494 1376 557 iis-

79 586 158 651 dem
178 587 323 653 artionlis
344 589 428 655 nihil
449 591 597 677 addatur,
619 616 682 661 nec
703 594 860 681 dematur,
882 596 963 663 alias
985 599 1019 660 in
1042 617 1100 661 sna
1118 598 1281 685 aequitate
1303 595 1376 661 sub·

78 692 196 805 sistqre
216 717 282 761 non
305 706 448 785 possent.

710 806 740 868 2.

165 906 248 971 Item
271 908 427 993 secnnd0;
451 910 537 996 quod
560 919 731 999 appareat,
762 908 1003 999 quodquidam
1026 912 1170 976 articulis
1193 908 1244 972 his
1267 906 1375 994 aliqua

75 1011 271 1095 addiderint,
295 1014 389 1077 sicuti
412 1014 502 1097 huic,
526 1014 612 1102 quod
635 1019 750 1081 attinet
771 1016 1006 1102 expositionem
1040 1012 1239 1081 venerabihs
1269 1032 1375 1076 sacru·

74 1119 177 1180 menti
206 1117 241 1180 in
272 1120 496 1200 monstrantia,
527 1119 613 1206 quod
635 1119 731 1185 valde
752 1121 1004 1209 praecipitantes
1027 1120 1156 1205 frierint,
1190 1118 1246 1185 ubi
1268 1126 1376 1182 tamen

77 1221 236 1309 populum
270 1226 437 1288 successive
468 1222 644 1289 secundum
674 1224 759 1290 hunc
791 1223 962 1290 articulum
997 1226 1148 1293 obducere
1177 1222 1377 1304 debuissent,

72 1324 158 1391 sicut
178 1328 213 1388 in
235 1323 290 1388 illo
314 1326 505 1409 continetur,
529 1326 675 1416 adeoque
697 1329 731 1393 in
754 1328 815 1394 hoo
837 1336 1076 1415 transgressum
1098 1328 1171 1411 fnit,
1203 1324 1290 1415 quod
1311 1322 1375 1390 cle-

71 1429 133 1491 rici
164 1428 199 1490 in
229 1426 315 1493 levia
337 1428 502 1516 colloquia
535 1454 570 1495 se
592 1432 793 1515 immiserint,
816 1432 936 1520 populo
960 1443 1073 1499 contra
1095 1453 1212 1498 sanam
1232 1436 1375 1494 mentem

72 1531 220 1595 dicentes
251 1531 292 1595 de
329 1545 533 1599 sacramento
561 1539 705 1623 eorporis
729 1536 851 1603 Christi
877 1538 1019 1622 Domini,
1048 1536 1135 1627 quod
1160 1532 1241 1600 illud
1264 1531 1376 1599 aranei

69 1635 231 1723 obrepant
252 1636 284 1701 e't
308 1659 437 1702 vermes
460 1638 633 1726 perforent,
656 1651 753 1729 atque
775 1640 840 1706 alia
862 1642 912 1707 his
936 1640 1063 1708 similia.
1109 1638 1316 1728 Quapropter
1337 1641 1373 1701 ut

68 1759 236 1804 sermones
270 1738 350 1805 tales
388 1744 517 1808 omnino
548 1744 744 1827 omittantur,
780 1754 813 1810 et
849 1767 959 1810 secum
990 1747 1133 1813 invicem
1155 1763 1220 1807 non
1243 1747 1374 1807 conten·

67 1842 158 1927 dant,
181 1845 266 1909 siout
290 1844 422 1932 quidam
438 1856 576 1933 egerunt
590 1849 687 1912 etiam
711 1857 743 1913 et
756 1847 919 1933 dixerunt,
942 1850 1029 1937 quod
1046 1848 1198 1915 Christus
1212 1842 1374 1910 Dominus

70 1950 104 2012 in
142 1957 345 2014 sacramento
380 1952 524 2037 corporis
557 1973 714 2038 praesens
748 1954 790 2017 sit
826 1975 900 2018 cum
931 1952 1058 2019 ossibus
1093 1959 1127 2015 et
1159 1949 1296 2036 capillis,
1318 1946 1375 2013 alii

72 2054 190 2117 iterum
212 2052 487 2137 contradixerunt,
510 2076 575 2120 non
599 2078 670 2120 esse
692 2057 738 2121 ita
759 2066 974 2143 praesentem,
1006 2056 1064 2122 sed
1087 2054 1194 2143 potius
1217 2063 1253 2121 ut
1273 2078 1374 2143 popu-

70 2157 123 2223 lus
156 2157 200 2222 ad
228 2157 309 2222 haec
331 2158 565 2246 persuadeatur
599 2168 630 2226 et
651 2160 831 2245 inducatur,
862 2169 898 2225 ut
918 2170 1095 2249 praecepta
1114 2159 1180 2224 Dei
1203 2167 1312 2224 servet
1343 2166 1376 2224 et

74 2260 264 2349 adimpleat,
297 2270 394 2349 atque
424 2285 527 2351 penes
557 2272 683 2329 textum
717 2263 799 2350 legis
828 2275 1027 2352 permaneat,
1059 2271 1091 2327 et
1106 2264 1204 2352 juxta
1224 2262 1317 2328 illum
1339 2284 1375 2329 se

72 2364 202 2453 dirigat,
219 2364 413 2455 judicioque
436 2390 493 2434 suo
516 2368 597 2434 nihil
620 2370 797 2456 perquirat.

157 2574 240 2643 Item
261 2576 373 2660 terti03
398 2578 488 2641 utin
511 2578 668 2642 concione
690 2576 894 2665 praedicator
923 2584 991 2643 tam
1024 2574 1160 2640 clericos
1196 2593 1293 2659 quam
1315 2569 1374 2637 lai·

73 2704 130 2747 cos
156 2681 265 2747 verbis
287 2703 352 2747 non
375 2680 584 2767 aggrediatur
607 2689 639 2745 et
660 2682 831 2770 vituperet,
855 2691 888 2749 et
908 2702 993 2748 unus
1011 2679 1149 2745 alterum
1162 2674 1373 2743 Pickhartam

72 2787 278 2874 hypocritam
311 2785 364 2850 vel
386 2785 584 2852 haereticum
618 2807 684 2849 non
706 2787 851 2850 nominet
884 2793 918 2850 et
939 2782 1090 2871 appellet,
1115 2783 1143 2847 si
1166 2782 1237 2868 quis
1260 2779 1375 2845 adora·

72 2892 158 2955 verit
181 2912 297 2979 corpus
321 2897 353 2954 et
376 2891 566 2974 sanguinem
589 2886 711 2954 Christi
733 2890 879 2972 Domini,
904 2887 1043 2953 cundem
1064 2886 1268 2975 hypocritam
1291 2905 1373 2965 esse,

69 2994 119 3060 illi
155 2996 317 3082 imputari,
352 2992 406 3058 vel
436 2993 628 3081 exprobrari
657 3015 723 3058 non
752 2992 860 3076 debet,
896 2998 928 3057 et
958 2991 986 3056 si
1007 2990 1049 3055 de
1072 2991 1212 3078 quodam
1234 2990 1370 3073 dicatur,

73 3098 162 3186 quod
194 3120 348 3164 erroneus
377 3099 427 3179 sit,
451 3104 483 3161 et
506 3119 631 3162 errores
654 3108 709 3162 aut
731 3097 883 3162 haereses
907 3096 1106 3175 disseminet,
1131 3095 1317 3181 exploratum
1338 3095 1373 3161 in

70 3203 138 3283 illo,
163 3211 196 3268 et
218 3203 245 3266 si
270 3202 343 3267 talis
367 3224 439 3267 esse
461 3210 609 3289 repertus
631 3200 737 3285 firerit,
761 3213 792 3266 et
808 3200 1002 3266 testimoniis
1019 3200 1177 3281 devictus,
1200 3221 1240 3264 ac
1262 3198 1372 3264 admo·

69 3305 251 3371 nitionibus
282 3305 418 3394 parochi
452 3327 566 3392 parere
601 3313 633 3369 et
663 3300 782 3392 corrigi
817 3303 965 3386 noluerit,
988 3305 1141 3391 puniatur
1162 3325 1268 3390 poena
1289 3302 1374 3368 infra

72 3412 192 3499 posita.

705 3516 736 3578 4.

160 3616 243 3681 It'em
279 3624 409 3702 quart03
443 3617 529 3704 quod
561 3618 728 3685 concernit
755 3617 992 3703 processiones,
1027 3637 1099 3680 cum
1121 3613 1203 3679 illud
1232 3612 1371 3700 populus

72 3720 238 3809 quondam
272 3742 346 3785 cum
367 3720 523 3785 fidelitate
547 3723 659 3806 egerit,
683 3730 714 3785 et
736 3742 924 3807 processum
956 3722 1058 3784 secuti
1079 3720 1208 3800 fuerint,
1232 3725 1367 3803 agentes

72 3822 156 3890 illud
177 3846 236 3911 pro
260 3825 375 3911 majori
398 3823 494 3888 laude
517 3824 592 3907 Dei,
615 3833 651 3889 ut
673 3825 735 3890 hoo
757 3823 864 3890 adhuc
886 3824 1041 3912 deinceps
1064 3826 1098 3888 in
1113 3824 1228 3908 vigore
1243 3842 1368 3911 perma-

66 3936 155 3992 neat.
202 3927 329 3992 Idcirco
376 3926 634 4015 quandocunque
667 3927 806 4015 populus
838 3928 1039 4016 processioni
1075 3927 1190 3993 adesse
1232 3935 1263 3991 et
1295 3945 1368 4013 pro·

69 4031 189 4097 cedere
223 4030 364 4113 debebit,
409 4030 621 4097 admoneatur
654 4034 744 4118 prius
777 4055 837 4119 per
871 4030 1073 4097 sacerdotem
1104 4041 1159 4096 aut
1192 4030 1371 4118 parochum

68 4138 168 4222 hujus
192 4136 354 4217 territorii,
378 4146 413 4200 ut
436 4135 572 4222 quilibet
593 4137 720 4212 resciat,
745 4159 845 4225 quare
868 4145 900 4200 et
922 4137 955 4200 in
971 4158 1066 4222 quem
1081 4136 1179 4202 finem
1196 4132 1373 4221 procedere

70 4240 202 4321 debeat,
232 4261 297 4304 non
328 4247 364 4302 ut
397 4263 478 4303 unns
501 4240 593 4305 alteri
615 4243 649 4304 in
680 4239 909 4307 contumeliam
943 4248 975 4306 et
997 4240 1206 4328 opprobrium
1227 4238 1262 4303 id
1285 4246 1370 4323 agat,

68 4347 154 4409 sicut
171 4346 247 4431 jam
269 4343 390 4407 factum
414 4352 472 4426 est,
496 4344 554 4407 sed
576 4354 609 4408 ut
632 4354 829 4426 reverenter,
853 4344 997 4422 honeste,
1036 4344 1183 4411 ordinate
1204 4341 1372 4430 procedat,

67 4471 135 4512 non
159 4447 311 4532 cogitans
334 4447 374 4511 de
398 4446 482 4511 malo
507 4447 656 4533 quodam,
680 4447 738 4514 sed
761 4457 796 4511 ut
815 4448 951 4537 quilibet
973 4450 1035 4514 hoc
1058 4471 1159 4534 agens
1182 4448 1290 4511 Deum
1304 4444 1373 4508 lan·

68 4554 134 4617 det.
181 4550 280 4631 Quod
314 4551 521 4617 mechanicos
545 4560 577 4617 et
606 4554 771 4641 operarios
793 4555 917 4631 attinet,
940 4553 981 4619 de
1003 4554 1054 4618 his
1077 4553 1201 4617 moveri
1224 4548 1370 4637 quaestio

66 4679 136 4721 non
170 4654 277 4739 debet,
310 4679 417 4743 neque
450 4657 492 4721 ad
524 4656 605 4722 tales
628 4657 852 4744 processiones
874 4658 1062 4745 invitentur,
1101 4659 1160 4722 sed
1182 4665 1291 4719 tamen
1309 4652 1374 4715 sin-

69 4764 148 4827 cera
170 4756 300 4827 etbona
312 4759 503 4841 intentione,
516 4758 544 4826 si
557 4759 898 4853 quisunaprocedcr'e
909 4758 1070 4847 uoluerit,
1087 4758 1180 4825 nixib
1192 4754 1411 4822 xantham.
