2948 5040
140 143 204 211 tat

137 313 333 381 insidentem
356 310 563 399 adjuvarent,
586 333 646 399 per
678 309 764 399 quod
795 331 856 377 rex
888 309 930 375 ad
955 316 1082 397 partem
1110 306 1370 381 obedientiorem
1400 319 1433 377 et

139 417 204 485 sibi
226 414 470 483 submissiorem
491 436 528 480 se
550 413 711 481 convertit
732 421 765 479 et
786 434 859 478 eam
882 422 1011 479 secutus
1040 420 1090 477 est
1110 411 1217 498 magis
1238 434 1339 500 qaam
1360 414 1433 481 reli·

138 543 246 613 quam,
269 530 366 611 prout
398 542 440 587 ex
473 516 742 586 antecedentibus
776 516 874 584 dictis
906 516 991 584 bene
1023 514 1264 613 observabitur.
1308 516 1364 585 Ab
1385 518 1432 585 bis

133 649 218 717 ergo
241 625 335 692 malis
365 623 537 714 principiis
570 632 602 689 et
624 620 795 689 discordiis
817 641 955 709 regnum
984 620 1164 689 Bobemiae
1193 622 1339 690 divisum
1368 620 1434 704 fuit,

137 734 184 801 ita
205 730 291 820 quod
312 752 373 796 rex
395 727 437 794 ab
459 727 578 793 iisdem
601 727 755 813 exiguum
777 726 919 793 tructam
939 726 1107 813 habuerit3
1129 727 1179 795 illi
1200 728 1300 807 enim,
1323 728 1433 815 quise

138 836 219 924 regi,
242 843 354 923 utpote
376 833 506 899 domino
530 853 587 899 suo
610 831 831 919 adjunxerunt
853 840 887 898 et
907 830 1108 898 voluntatem
1131 832 1202 920 ejus
1223 832 1333 899 secuti
1355 840 1430 910 sunt,

140 939 265 1007 debiles
288 938 384 1006 valde
406 937 545 1020 facerunt,
569 935 732 1024 (quamvis
752 934 880 1024 fideles)
903 944 939 1001 ut
960 937 994 1001 in
1017 944 1084 1003 tam
1105 936 1223 1023 granffi
1238 936 1432 1005 necessitate

139 1043 319 1134 profectum
342 1050 531 1108 causassent
551 1040 690 1124 felicem,
715 1042 791 1129 quia
811 1062 888 1128 pars
914 1039 1054 1107 adversa
1066 1041 1114 1107 ¹in
1135 1040 1354 1111 iisdemonm
1375 1041 1434 1109 illis

137 1172 204 1225 non
226 1147 453 1216 concordabat.
478 1147 565 1213 Hinc
582 1147 786 1213 admissione
808 1147 874 1213 Dei
902 1169 962 1234 per
983 1155 1109 1235 partem
1132 1142 1434 1215 diabolicamruina

134 1256 216 1343 ,oriri
238 1253 350 1323 debuit
372 1263 405 1318 et
425 1251 620 1340 provenire;
653 1274 729 1317 nam
757 1252 855 1339 juxta
876 1250 1044 1317 hominum
1073 1250 1279 1339 prudentiam
1311 1272 1434 1341 sempor

139 1356 254 1425 fortior
274 1379 351 1445 pars
374 1365 423 1421 est
445 1357 618 1441 unanimis,
652 1378 749 1445 quam
783 1355 894 1444 dispar
927 1363 960 1421 et
980 1354 1097 1421 divisa.
1142 1354 1236 1421 Haec
1258 1376 1340 1423 vero
1374 1354 1434 1423 foe·

33 1496 36 1503 ·
135 1462 218 1531 dere
238 1463 366 1531 initium
389 1472 596 1549 sumpserunt
640 1484 682 1527 ex
704 1460 899 1549 quibusdam
931 1461 1037 1526 causis
1065 1461 1137 1547 jam
1158 1461 1194 1525 in
1222 1461 1331 1548 primo
1356 1459 1434 1527 libro

139 1566 245 1648 dictis,
269 1566 461 1655 praesertim
488 1587 567 1649 vero
590 1563 631 1630 ob
654 1574 855 1653 computosa
870 1563 1092 1631 dominoLew
1106 1562 1285 1649 faciendos,
1309 1574 1435 1655 propter

139 1671 321 1739 officiorum
350 1672 620 1758 permutationem
652 1678 684 1736 et
704 1670 964 1755 renovationem
996 1678 1028 1735 et
1049 1668 1162 1735 ultimo
1184 1679 1320 1758 propter
1341 1671 1434 1739 domi·

137 1777 228 1842 nium
250 1775 373 1847 domini
402 1774 443 1841 de
465 1773 666 1863 Rosenberg,
696 1775 788 1863 eujus
810 1776 1049 1864 possessionem
1075 1774 1226 1842 dominus
1247 1775 1330 1843 Levv
1351 1797 1434 1866 prae

138 1879 304 1948 tendebat.

694 2032 841 2101 otrus
864 2033 894 2101 8.

138 2217 202 2279 Ubi
224 2217 403 2296 explicatur,
425 2215 572 2292 quomodo
593 2215 707 2276 amicus
730 2216 761 2274 in
784 2214 964 2275 necessitate
992 2214 1132 2293 cognosci
1153 2215 1257 2276 soleat
1304 2214 1432 2292 Tendere

142 2315 301 2384 postquam
319 2304 439 2363 Turcae
460 2303 575 2362 Budam
601 2312 834 2383 expugnassent,
858 2304 927 2378 quid
942 2302 1050 2362 ibidem
1067 2303 1258 2364 removerint
1281 2311 1339 2365 eto.
1363 2304 1427 2365 Iton

138 2393 202 2471 vita
223 2403 253 2453 et
273 2391 442 2469 benignitas
465 2389 546 2469 regis
568 2391 717 2452 Ludovioi
749 2390 909 2468 exponitur
940 2399 969 2450 et
1000 2391 1148 2466 laudatur,
1181 2408 1257 2468 quae
1291 2391 1381 2453 illum
1400 2389 1431 2452 ad

623 2478 776 2538 interitum
798 2477 948 2557 perduxit.

225 2647 290 2712 Hic
312 2655 439 2735 oportet
461 2657 583 2732 notare,
601 2649 699 2735 juxta
721 2669 893 2713 commune
915 2648 1082 2714 hominum
1103 2646 1327 2737 proverbium,
1352 2642 1433 2734 quod

139 2752 175 2817 in
197 2754 393 2818 necessitate
416 2762 449 2818 et
471 2754 582 2840 inopia
603 2751 727 2817 amicus
753 2754 896 2818 maxime
928 2754 1081 2840 cognosci
1104 2751 1228 2837 soleat,
1260 2752 1351 2818 sicut
1382 2772 1432 2839 pa·

139 2858 219 2922 riter
239 2858 273 2921 in
308 2857 505 2923 necessitate
539 2842 680 2944 potentis
711 2857 834 2922 domini
865 2856 1040 2924 saecularis
1063 2857 1258 2940 obedientia,
1290 2856 1389 2924 favor
1409 2860 1435 2920 et

139 2960 280 3026 fidelitas
301 2962 415 3050 populi
438 2962 485 3028 illi
517 2962 655 3050 subjecti
686 2963 859 3030 invenitur.
902 2962 1034 3028 Nullum
1052 2961 1203 3050 judicare
1224 2982 1288 3026 nec
1311 2962 1434 3048 vitupe-

140 3086 214 3129 rare
238 3065 323 3148 volo,
358 3088 472 3131 verum
496 3068 613 3149 omnia,
638 3089 721 3155 quae
754 3077 827 3133 acta
848 3067 986 3147 fuerunt,
1024 3068 1096 3133 aliis
1126 3065 1169 3132 ad
1191 3064 1435 3131 deliberandum

139 3168 311 3257 relinqu03
336 3192 397 3257 ego
422 3172 508 3236 enim
524 3171 565 3237 de
588 3171 661 3238 aliis
683 3195 748 3239 non
771 3172 939 3256 sollicitor,
961 3173 1027 3237 nisi
1049 3180 1086 3238 ut
1100 3168 1240 3237 scribam
1262 3169 1333 3248 illa,
1360 3190 1435 3261 quae

138 3273 174 3338 in
196 3296 232 3338 se
252 3296 333 3339 vera
368 3283 442 3339 sunt
476 3284 508 3340 et
530 3285 617 3341 certe
652 3279 857 3364 contigerunt
896 3299 954 3364 pro
985 3276 1212 3342 informatione
1246 3283 1280 3340 et
1314 3274 1436 3342 cantela

138 3377 255 3462 future,
279 3378 421 3466 ideoque
445 3390 540 3467 prout
562 3382 700 3471 quilibet
720 3382 884 3469 intelligit,
907 3385 953 3448 ita
975 3383 1053 3468 agit.
1088 3380 1195 3455 Crede
1217 3380 1330 3467 igitpr,
1355 3374 1436 3469 quod

141 3483 326 3549 intellectus
350 3483 460 3566 dictet,
495 3486 582 3572 quod
616 3486 737 3553 subditi
759 3486 906 3576 ejusdcm
936 3487 1059 3553 domini
1091 3487 1180 3573 regis
1211 3484 1253 3550 de
1285 3507 1325 3550 eo
1359 3482 1435 3550 nibil

141 3587 274 3654 solliciti
295 3586 425 3671 fuerint,
448 3599 581 3678 propter
603 3592 712 3658 odium
736 3601 848 3658 contra
871 3594 940 3681 ejus
962 3613 1136 3680 personam
1167 3598 1366 3677 conceptum
1406 3595 1433 3654 et

138 3692 181 3759 ob
215 3691 348 3757 nimiam
384 3692 532 3781 ejusdem
563 3696 831 3763 benevolentiam.
879 3696 974 3764 (iroff
993 3697 1080 3761 enim
1113 3695 1208 3761 aliter
1240 3692 1313 3760 dux
1335 3692 1435 3761 Trou·

144 3796 313 3884 sylvaniae
343 3798 384 3862 de
422 3798 493 3865 loco
528 3824 586 3867 suo
617 3824 652 3867 se
681 3824 747 3867 non
781 3801 892 3883 movit,
925 3822 987 3866 neo
1020 3800 1178 3866 auxilium
1210 3797 1281 3882 regi
1314 3797 1433 3881 tribuit,

139 3898 199 3965 sed
222 3900 348 3987 quietus
370 3906 405 3968 in
427 3907 562 3992 regione
585 3928 644 3971 sua
657 3905 857 3994 permansit;
880 3904 1076 3969 hincTurca
1090 3913 1210 3970 terram
1231 3902 1433 3993 illiusprope

138 4009 310 4087 transiens,
348 4007 473 4074 nullum
507 4009 649 4075 dominio
683 4018 739 4075 eut
768 4009 927 4075 territorio
957 4011 1027 4097 ejus
1059 4008 1179 4076 malum
1209 4008 1330 4093 intulit,
1366 4010 1433 4076 bino

138 4112 216 4180 inde
239 4115 327 4177 circa
347 4112 430 4178 illud
464 4113 821 4202 procedens31moita
854 4113 976 4178 tamdiu
1009 4114 1242 4201 perseveravit,
1278 4116 1387 4182 donee
1405 4112 1433 4177 in

140 4238 252 4304 regem
273 4217 464 4304 Huugariae
495 4227 664 4306 susceptus
687 4218 810 4284 fuisset.
844 4218 887 4283 Et
916 4216 973 4283 alii
1003 4218 1152 4305 Hungari
1173 4220 1208 4284 in
1241 4221 1432 4287 necessitate

140 4322 287 4412 ejusdem
320 4323 408 4407 regis
450 4323 611 4389 Ludovioi
639 4325 736 4412 juxta
776 4322 919 4389 debitam
952 4320 1184 4411 obligationem
1205 4323 1432 4413 'comparentes

139 4436 172 4494 et
189 4429 286 4517 juxta
306 4426 558 4493 submissionem
571 4450 663 4495 suam
678 4429 800 4496 auxilia
814 4428 1044 4519 praebuerunt,
1078 4426 1164 4517 quod
1187 4438 1280 4496 actus
1302 4428 1432 4520 probant

136 4541 173 4600 et
193 4554 308 4599 omues
329 4531 597 4619 circumjacentes
619 4536 770 4621 regiones
793 4538 958 4602 testantur.

228 4636 375 4702 Ulterius
416 4636 524 4704 adhuc
558 4641 650 4724 scito,
688 4638 775 4729 quod
809 4637 1046 4727 quamprimum
1090 4636 1218 4703 Tuscae
1247 4636 1379 4704 Budam
1408 4640 1432 4701 et

129 4740 233 4808 Pestis
258 4751 544 4832 expugnaverant,
571 4752 605 4813 et
625 4752 797 4834 suamque
818 4741 933 4813 urbem
957 4748 1163 4840 exusserant,
1186 4751 1328 4832 excepto
1337 4748 1432 4813 castro
