<?xml version="1.0" encoding="UTF-8"?>
<!DOCTYPE html PUBLIC "-//W3C//DTD XHTML 1.0 Transitional//EN"
    "http://www.w3.org/TR/xhtml1/DTD/xhtml1-transitional.dtd">
<html xmlns="http://www.w3.org/1999/xhtml" xml:lang="en" lang="en">
 <head>
  <title>
</title>
<meta http-equiv="Content-Type" content="text/html;charset=utf-8" />
  <meta name='ocr-system' content='tesseract 3.04.00' />
  <meta name='ocr-capabilities' content='ocr_page ocr_carea ocr_par ocr_line ocrx_word'/>
</head>
<body>
  <div class='ocr_page' id='page_1' title='image "./desbartholomusv00bartgoog_0178.png"; bbox 0 0 2948 5040; ppageno 0'>
   <div class='ocr_carea' id='block_1_1' title="bbox 1279 134 1342 211">
    <p class='ocr_par' dir='ltr' id='par_1_1' title="bbox 1279 134 1342 211">
     <span class='ocr_line' id='line_1_1' title="bbox 1279 134 1342 211; baseline 0 0"><span class='ocrx_word' id='word_1_1' title='bbox 1279 134 1342 211; x_wconf 75' lang='lat'><strong>166</strong></span> 
     </span>
    </p>
   </div>
   <div class='ocr_carea' id='block_1_2' title="bbox 10 320 1455 4505">
    <p class='ocr_par' dir='ltr' id='par_1_2' title="bbox 10 320 1378 3041">
     <span class='ocr_line' id='line_1_2' title="bbox 48 320 1343 421; baseline -0.012 -18"><span class='ocrx_word' id='word_1_2' title='bbox 48 358 114 403; x_wconf 85' lang='lat' dir='ltr'><strong>nee</strong></span> <span class='ocrx_word' id='word_1_3' title='bbox 138 334 258 401; x_wconf 85' lang='lat' dir='ltr'><strong>similia</strong></span> <span class='ocrx_word' id='word_1_4' title='bbox 278 333 379 400; x_wconf 88' lang='lat' dir='ltr'><strong>adse</strong></span> <span class='ocrx_word' id='word_1_5' title='bbox 401 332 581 415; x_wconf 77' lang='lat' dir='ltr'><strong>admittere,</strong></span> <span class='ocrx_word' id='word_1_6' title='bbox 614 332 702 421; x_wconf 88' lang='lat' dir='ltr'><strong>qued</strong></span> <span class='ocrx_word' id='word_1_7' title='bbox 724 332 806 400; x_wconf 85' lang='lat' dir='ltr'><strong>haec</strong></span> <span class='ocrx_word' id='word_1_8' title='bbox 826 331 956 399; x_wconf 88' lang='lat' dir='ltr'><strong>illorum</strong></span> <span class='ocrx_word' id='word_1_9' title='bbox 977 329 1040 412; x_wconf 89' lang='lat' dir='ltr'><strong>via,</strong></span> <span class='ocrx_word' id='word_1_10' title='bbox 1079 345 1198 413; x_wconf 80' lang='lat' dir='ltr'><strong>nempe</strong></span> <span class='ocrx_word' id='word_1_11' title='bbox 1219 320 1343 389; x_wconf 87' lang='lat' dir='ltr'><strong>domini</strong></span> 
     </span>
     <span class='ocr_line' id='line_1_3' title="bbox 48 427 1344 525; baseline -0.01 -17"><span class='ocrx_word' id='word_1_12' title='bbox 48 443 131 509; x_wconf 88' lang='lat' dir='ltr'><strong>Lew</strong></span> <span class='ocrx_word' id='word_1_13' title='bbox 143 449 177 506; x_wconf 90' lang='lat' dir='ltr'><strong>et</strong></span> <span class='ocrx_word' id='word_1_14' title='bbox 198 439 344 521; x_wconf 87' lang='lat' dir='ltr'><strong>aliorum,</strong></span> <span class='ocrx_word' id='word_1_15' title='bbox 367 460 433 503; x_wconf 90' lang='lat' dir='ltr'><strong>non</strong></span> <span class='ocrx_word' id='word_1_16' title='bbox 455 437 551 503; x_wconf 83' lang='lat' dir='ltr'><strong>fuerit</strong></span> <span class='ocrx_word' id='word_1_17' title='bbox 572 447 724 525; x_wconf 87' lang='lat' dir='ltr'><strong>suscepta</strong></span> <span class='ocrx_word' id='word_1_18' title='bbox 745 460 788 503; x_wconf 86' lang='lat' dir='ltr'><strong>ex</strong></span> <span class='ocrx_word' id='word_1_19' title='bbox 809 435 974 502; x_wconf 86' lang='lat' dir='ltr'><strong>voluntate</strong></span> <span class='ocrx_word' id='word_1_20' title='bbox 997 440 1053 500; x_wconf 89' lang='lat' dir='ltr'><strong>aut</strong></span> <span class='ocrx_word' id='word_1_21' title='bbox 1072 430 1224 499; x_wconf 87' lang='lat' dir='ltr'><strong>mandato</strong></span> <span class='ocrx_word' id='word_1_22' title='bbox 1245 427 1344 496; x_wconf 86' lang='lat' dir='ltr'><strong>totius</strong></span> 
     </span>
     <span class='ocr_line' id='line_1_4' title="bbox 49 534 1342 631; baseline -0.009 -19"><span class='ocrx_word' id='word_1_23' title='bbox 49 546 147 631; x_wconf 88' lang='lat' dir='ltr'><strong>regni</strong></span> <span class='ocrx_word' id='word_1_24' title='bbox 171 553 226 610; x_wconf 89' lang='lat' dir='ltr'><strong>aut</strong></span> <span class='ocrx_word' id='word_1_25' title='bbox 246 542 426 609; x_wconf 88' lang='lat' dir='ltr'><strong>incolarum</strong></span> <span class='ocrx_word' id='word_1_26' title='bbox 458 549 492 606; x_wconf 90' lang='lat' dir='ltr'><strong>et</strong></span> <span class='ocrx_word' id='word_1_27' title='bbox 514 539 714 608; x_wconf 86' lang='lat' dir='ltr'><strong>subditorum</strong></span> <span class='ocrx_word' id='word_1_28' title='bbox 738 542 828 629; x_wconf 81' lang='lat' dir='ltr'><strong>ejus3</strong></span> <span class='ocrx_word' id='word_1_29' title='bbox 852 538 938 627; x_wconf 92' lang='lat' dir='ltr'><strong>quod</strong></span> <span class='ocrx_word' id='word_1_30' title='bbox 966 539 1066 624; x_wconf 91' lang='lat' dir='ltr'><strong>igitur</strong></span> <span class='ocrx_word' id='word_1_31' title='bbox 1089 536 1232 618; x_wconf 87' lang='lat' dir='ltr'><strong>credant,</strong></span> <span class='ocrx_word' id='word_1_32' title='bbox 1255 534 1342 623; x_wconf 89' lang='lat' dir='ltr'><strong>quod</strong></span> 
     </span>
     <span class='ocr_line' id='line_1_5' title="bbox 51 640 1345 736; baseline -0.008 -21"><span class='ocrx_word' id='word_1_33' title='bbox 51 647 286 736; x_wconf 84' lang='lat' dir='ltr'><strong>SuaMajestas</strong></span> <span class='ocrx_word' id='word_1_34' title='bbox 298 647 401 733; x_wconf 88' lang='lat' dir='ltr'><strong>Regia</strong></span> <span class='ocrx_word' id='word_1_35' title='bbox 420 646 675 734; x_wconf 82' lang='lat' dir='ltr'><strong>uniuscujusque</strong></span> <span class='ocrx_word' id='word_1_36' title='bbox 691 652 792 712; x_wconf 88' lang='lat' dir='ltr'><strong>status</strong></span> <span class='ocrx_word' id='word_1_37' title='bbox 810 647 896 733; x_wconf 89' lang='lat' dir='ltr'><strong>jura,</strong></span> <span class='ocrx_word' id='word_1_38' title='bbox 910 643 1092 732; x_wconf 80' lang='lat' dir='ltr'><strong>privilegia,</strong></span> <span class='ocrx_word' id='word_1_39' title='bbox 1114 640 1345 728; x_wconf 79' lang='lat' dir='ltr'><strong>libertatesque</strong></span> 
     </span>
     <span class='ocr_line' id='line_1_6' title="bbox 50 744 1343 843; baseline -0.007 -23"><span class='ocrx_word' id='word_1_40' title='bbox 50 753 184 820; x_wconf 85' lang='lat' dir='ltr'><strong>illorum</strong></span> <span class='ocrx_word' id='word_1_41' title='bbox 205 750 356 835; x_wconf 86' lang='lat' dir='ltr'><strong>tuebitur,</strong></span> <span class='ocrx_word' id='word_1_42' title='bbox 391 749 617 843; x_wconf 72' lang='lat' dir='ltr'><strong>conseruando</strong></span> <span class='ocrx_word' id='word_1_43' title='bbox 652 759 776 840; x_wconf 88' lang='lat' dir='ltr'><strong>partem</strong></span> <span class='ocrx_word' id='word_1_44' title='bbox 818 748 961 815; x_wconf 85' lang='lat' dir='ltr'><strong>fidelium</strong></span> <span class='ocrx_word' id='word_1_45' title='bbox 990 756 1025 814; x_wconf 90' lang='lat' dir='ltr'><strong>et</strong></span> <span class='ocrx_word' id='word_1_46' title='bbox 1053 744 1254 812; x_wconf 88' lang='lat' dir='ltr'><strong>credentium</strong></span> <span class='ocrx_word' id='word_1_47' title='bbox 1284 744 1343 811; x_wconf 91' lang='lat' dir='ltr'><strong>sub</strong></span> 
     </span>
     <span class='ocr_line' id='line_1_7' title="bbox 52 849 1346 944; baseline -0.006 -20"><span class='ocrx_word' id='word_1_48' title='bbox 52 867 193 943; x_wconf 89' lang='lat' dir='ltr'><strong>utraque</strong></span> <span class='ocrx_word' id='word_1_49' title='bbox 216 856 328 944; x_wconf 86' lang='lat' dir='ltr'><strong>specie</strong></span> <span class='ocrx_word' id='word_1_50' title='bbox 348 853 662 940; x_wconf 83' lang='lat' dir='ltr'><strong>communicantium,</strong></span> <span class='ocrx_word' id='word_1_51' title='bbox 697 855 819 943; x_wconf 82' lang='lat' dir='ltr'><strong>quise</strong></span> <span class='ocrx_word' id='word_1_52' title='bbox 850 854 996 940; x_wconf 86' lang='lat' dir='ltr'><strong>dirigunt</strong></span> <span class='ocrx_word' id='word_1_53' title='bbox 1017 852 1089 940; x_wconf 89' lang='lat' dir='ltr'><strong>lege</strong></span> <span class='ocrx_word' id='word_1_54' title='bbox 1111 849 1223 916; x_wconf 84' lang='lat' dir='ltr'><strong>divina</strong></span> <span class='ocrx_word' id='word_1_55' title='bbox 1247 851 1346 939; x_wconf 88' lang='lat' dir='ltr'><strong>juxta</strong></span> 
     </span>
     <span class='ocr_line' id='line_1_8' title="bbox 56 955 1346 1049; baseline -0.008 -19"><span class='ocrx_word' id='word_1_56' title='bbox 56 960 294 1049; x_wconf 84' lang='lat' dir='ltr'><strong>obligationem</strong></span> <span class='ocrx_word' id='word_1_57' title='bbox 316 958 404 1025; x_wconf 87' lang='lat' dir='ltr'><strong>Suae</strong></span> <span class='ocrx_word' id='word_1_58' title='bbox 426 959 627 1046; x_wconf 82' lang='lat' dir='ltr'><strong>Majestatis3</strong></span> <span class='ocrx_word' id='word_1_59' title='bbox 657 983 721 1048; x_wconf 90' lang='lat' dir='ltr'><strong>qua</strong></span> <span class='ocrx_word' id='word_1_60' title='bbox 743 982 778 1026; x_wconf 89' lang='lat' dir='ltr'><strong>se</strong></span> <span class='ocrx_word' id='word_1_61' title='bbox 800 959 1002 1045; x_wconf 83' lang='lat' dir='ltr'><strong>obstringere</strong></span> <span class='ocrx_word' id='word_1_62' title='bbox 1021 957 1174 1044; x_wconf 87' lang='lat' dir='ltr'><strong>dignatus</strong></span> <span class='ocrx_word' id='word_1_63' title='bbox 1195 955 1265 1040; x_wconf 79' lang='lat' dir='ltr'><strong>ibit,</strong></span> <span class='ocrx_word' id='word_1_64' title='bbox 1287 957 1346 1021; x_wconf 91' lang='lat' dir='ltr'><strong>im·</strong></span> 
     </span>
     <span class='ocr_line' id='line_1_9' title="bbox 56 1056 1346 1157; baseline -0.005 -24"><span class='ocrx_word' id='word_1_65' title='bbox 56 1067 175 1157; x_wconf 82' lang='lat' dir='ltr'><strong>primis</strong></span> <span class='ocrx_word' id='word_1_66' title='bbox 190 1056 332 1131; x_wconf 90' lang='lat' dir='ltr'><strong>Domino</strong></span> <span class='ocrx_word' id='word_1_67' title='bbox 355 1062 437 1146; x_wconf 91' lang='lat' dir='ltr'><strong>Deo,</strong></span> <span class='ocrx_word' id='word_1_68' title='bbox 460 1062 591 1128; x_wconf 86' lang='lat' dir='ltr'><strong>tandem</strong></span> <span class='ocrx_word' id='word_1_69' title='bbox 613 1063 763 1130; x_wconf 90' lang='lat' dir='ltr'><strong>omnibus</strong></span> <span class='ocrx_word' id='word_1_70' title='bbox 786 1062 923 1128; x_wconf 90' lang='lat' dir='ltr'><strong>statibus</strong></span> <span class='ocrx_word' id='word_1_71' title='bbox 954 1061 1046 1148; x_wconf 91' lang='lat' dir='ltr'><strong>regni</strong></span> <span class='ocrx_word' id='word_1_72' title='bbox 1077 1060 1267 1145; x_wconf 85' lang='lat' dir='ltr'><strong>Bohemiae,</strong></span> <span class='ocrx_word' id='word_1_73' title='bbox 1297 1069 1346 1126; x_wconf 89' lang='lat' dir='ltr'><strong>ut·</strong></span> 
     </span>
     <span class='ocr_line' id='line_1_10' title="bbox 56 1165 1344 1260; baseline -0.006 -22"><span class='ocrx_word' id='word_1_74' title='bbox 56 1181 137 1260; x_wconf 87' lang='lat' dir='ltr'><strong>pote</strong></span> <span class='ocrx_word' id='word_1_75' title='bbox 153 1171 354 1260; x_wconf 86' lang='lat' dir='ltr'><strong>justissimus</strong></span> <span class='ocrx_word' id='word_1_76' title='bbox 376 1168 505 1233; x_wconf 89' lang='lat' dir='ltr'><strong>illorum</strong></span> <span class='ocrx_word' id='word_1_77' title='bbox 538 1168 686 1234; x_wconf 91' lang='lat' dir='ltr'><strong>dominus</strong></span> <span class='ocrx_word' id='word_1_78' title='bbox 724 1177 756 1233; x_wconf 91' lang='lat' dir='ltr'><strong>et</strong></span> <span class='ocrx_word' id='word_1_79' title='bbox 776 1191 836 1234; x_wconf 84' lang='lat' dir='ltr'><strong>rex</strong></span> <span class='ocrx_word' id='word_1_80' title='bbox 858 1168 1016 1256; x_wconf 87' lang='lat' dir='ltr'><strong>proprius,</strong></span> <span class='ocrx_word' id='word_1_81' title='bbox 1032 1174 1065 1231; x_wconf 88' lang='lat' dir='ltr'><strong>et</strong></span> <span class='ocrx_word' id='word_1_82' title='bbox 1087 1165 1172 1254; x_wconf 90' lang='lat' dir='ltr'><strong>quod</strong></span> <span class='ocrx_word' id='word_1_83' title='bbox 1195 1165 1344 1231; x_wconf 88' lang='lat' dir='ltr'><strong>dominus</strong></span> 
     </span>
     <span class='ocr_line' id='line_1_11' title="bbox 56 1271 1345 1359; baseline -0.004 -16"><span class='ocrx_word' id='word_1_84' title='bbox 56 1277 140 1343; x_wconf 90' lang='lat' dir='ltr'><strong>Lew</strong></span> <span class='ocrx_word' id='word_1_85' title='bbox 162 1283 194 1340; x_wconf 91' lang='lat' dir='ltr'><strong>et</strong></span> <span class='ocrx_word' id='word_1_86' title='bbox 226 1274 282 1339; x_wconf 94' lang='lat' dir='ltr'><strong>alii</strong></span> <span class='ocrx_word' id='word_1_87' title='bbox 304 1273 379 1338; x_wconf 86' lang='lat' dir='ltr'><strong>laici</strong></span> <span class='ocrx_word' id='word_1_88' title='bbox 402 1282 433 1337; x_wconf 92' lang='lat' dir='ltr'><strong>et</strong></span> <span class='ocrx_word' id='word_1_89' title='bbox 456 1272 566 1337; x_wconf 90' lang='lat' dir='ltr'><strong>clerici</strong></span> <span class='ocrx_word' id='word_1_90' title='bbox 588 1272 649 1338; x_wconf 90' lang='lat' dir='ltr'><strong>soli</strong></span> <span class='ocrx_word' id='word_1_91' title='bbox 672 1295 765 1338; x_wconf 89' lang='lat' dir='ltr'><strong>suum</strong></span> <span class='ocrx_word' id='word_1_92' title='bbox 786 1273 958 1339; x_wconf 88' lang='lat' dir='ltr'><strong>habuerint</strong></span> <span class='ocrx_word' id='word_1_93' title='bbox 980 1279 1193 1353; x_wconf 62' lang='lat' dir='ltr'><strong>conventum,</strong></span> <span class='ocrx_word' id='word_1_94' title='bbox 1207 1280 1239 1336; x_wconf 91' lang='lat' dir='ltr'><strong>et</strong></span> <span class='ocrx_word' id='word_1_95' title='bbox 1248 1271 1345 1359; x_wconf 86' lang='lat' dir='ltr'><strong>juxta</strong></span> 
     </span>
     <span class='ocr_line' id='line_1_12' title="bbox 59 1374 1347 1467; baseline -0.004 -20"><span class='ocrx_word' id='word_1_96' title='bbox 59 1381 245 1467; x_wconf 87' lang='lat' dir='ltr'><strong>Pragenses</strong></span> <span class='ocrx_word' id='word_1_97' title='bbox 278 1385 310 1442; x_wconf 90' lang='lat' dir='ltr'><strong>et</strong></span> <span class='ocrx_word' id='word_1_98' title='bbox 333 1398 442 1442; x_wconf 89' lang='lat' dir='ltr'><strong>eorum</strong></span> <span class='ocrx_word' id='word_1_99' title='bbox 464 1375 587 1442; x_wconf 89' lang='lat' dir='ltr'><strong>elerum</strong></span> <span class='ocrx_word' id='word_1_100' title='bbox 607 1398 763 1464; x_wconf 89' lang='lat' dir='ltr'><strong>personas</strong></span> <span class='ocrx_word' id='word_1_101' title='bbox 786 1377 828 1442; x_wconf 89' lang='lat' dir='ltr'><strong>ad</strong></span> <span class='ocrx_word' id='word_1_102' title='bbox 856 1377 941 1442; x_wconf 88' lang='lat' dir='ltr'><strong>hanc</strong></span> <span class='ocrx_word' id='word_1_103' title='bbox 963 1374 1158 1463; x_wconf 82' lang='lat' dir='ltr'><strong>legationem</strong></span> <span class='ocrx_word' id='word_1_104' title='bbox 1181 1375 1347 1462; x_wconf 89' lang='lat' dir='ltr'><strong>elegerint,</strong></span> 
     </span>
     <span class='ocr_line' id='line_1_13' title="bbox 58 1481 1346 1574; baseline -0.005 -21"><span class='ocrx_word' id='word_1_105' title='bbox 58 1495 94 1553; x_wconf 88' lang='lat' dir='ltr'><strong>et</strong></span> <span class='ocrx_word' id='word_1_106' title='bbox 116 1505 327 1574; x_wconf 87' lang='lat' dir='ltr'><strong>quaecunque</strong></span> <span class='ocrx_word' id='word_1_107' title='bbox 349 1481 436 1569; x_wconf 91' lang='lat' dir='ltr'><strong>apud</strong></span> <span class='ocrx_word' id='word_1_108' title='bbox 459 1482 558 1548; x_wconf 82' lang='lat' dir='ltr'><strong>Suam</strong></span> <span class='ocrx_word' id='word_1_109' title='bbox 579 1482 780 1570; x_wconf 86' lang='lat' dir='ltr'><strong>Majestatem</strong></span> <span class='ocrx_word' id='word_1_110' title='bbox 804 1492 911 1569; x_wconf 87' lang='lat' dir='ltr'><strong>agant,</strong></span> <span class='ocrx_word' id='word_1_111' title='bbox 942 1483 1029 1571; x_wconf 90' lang='lat' dir='ltr'><strong>quod</strong></span> <span class='ocrx_word' id='word_1_112' title='bbox 1051 1482 1094 1549; x_wconf 89' lang='lat' dir='ltr'><strong>ad</strong></span> <span class='ocrx_word' id='word_1_113' title='bbox 1122 1482 1204 1548; x_wconf 89' lang='lat' dir='ltr'><strong>haec</strong></span> <span class='ocrx_word' id='word_1_114' title='bbox 1229 1483 1346 1550; x_wconf 85' lang='lat' dir='ltr'><strong>volun-</strong></span> 
     </span>
     <span class='ocr_line' id='line_1_14' title="bbox 57 1586 1378 1671; baseline -0.003 -15"><span class='ocrx_word' id='word_1_115' title='bbox 57 1600 110 1657; x_wconf 85' lang='lat' dir='ltr'><strong>tas</strong></span> <span class='ocrx_word' id='word_1_116' title='bbox 133 1610 244 1655; x_wconf 85' lang='lat' dir='ltr'><strong>corum</strong></span> <span class='ocrx_word' id='word_1_117' title='bbox 278 1595 309 1651; x_wconf 91' lang='lat' dir='ltr'><strong>et</strong></span> <span class='ocrx_word' id='word_1_118' title='bbox 332 1606 507 1652; x_wconf 88' lang='lat' dir='ltr'><strong>consensus</strong></span> <span class='ocrx_word' id='word_1_119' title='bbox 530 1608 595 1651; x_wconf 93' lang='lat' dir='ltr'><strong>non</strong></span> <span class='ocrx_word' id='word_1_120' title='bbox 617 1587 723 1671; x_wconf 89' lang='lat' dir='ltr'><strong>fuerit,</strong></span> <span class='ocrx_word' id='word_1_121' title='bbox 747 1608 809 1652; x_wconf 90' lang='lat' dir='ltr'><strong>nec</strong></span> <span class='ocrx_word' id='word_1_122' title='bbox 831 1587 873 1651; x_wconf 89' lang='lat' dir='ltr'><strong>sit</strong></span> <span class='ocrx_word' id='word_1_123' title='bbox 895 1586 1024 1652; x_wconf 88' lang='lat' dir='ltr'><strong>additus</strong></span> <span class='ocrx_word' id='word_1_124' title='bbox 1046 1596 1079 1652; x_wconf 90' lang='lat' dir='ltr'><strong>et</strong></span> <span class='ocrx_word' id='word_1_125' title='bbox 1099 1587 1272 1654; x_wconf 89' lang='lat' dir='ltr'><strong>adhibitus.</strong></span> <span class='ocrx_word' id='word_1_126' title='bbox 1308 1586 1348 1652; x_wconf 95' lang='lat' dir='ltr'><strong>In</strong></span> <span class='ocrx_word' id='word_1_127' title='bbox 1374 1662 1378 1668; x_wconf 44' lang='lat'><em>‚</em></span> 
     </span>
     <span class='ocr_line' id='line_1_15' title="bbox 10 1676 1349 1777; baseline -0.002 -16"><span class='ocrx_word' id='word_1_128' title='bbox 10 1726 14 1735; x_wconf 95' lang='lat'><strong>·</strong></span> <span class='ocrx_word' id='word_1_129' title='bbox 58 1694 202 1761; x_wconf 87' lang='lat' dir='ltr'><strong>crastino</strong></span> <span class='ocrx_word' id='word_1_130' title='bbox 232 1712 310 1757; x_wconf 84' lang='lat' dir='ltr'><strong>vero</strong></span> <span class='ocrx_word' id='word_1_131' title='bbox 356 1688 409 1755; x_wconf 89' lang='lat' dir='ltr'><strong>die</strong></span> <span class='ocrx_word' id='word_1_132' title='bbox 437 1688 590 1755; x_wconf 82' lang='lat' dir='ltr'><strong>Mercurii</strong></span> <span class='ocrx_word' id='word_1_133' title='bbox 621 1711 731 1755; x_wconf 89' lang='lat' dir='ltr'><strong>omnes</strong></span> <span class='ocrx_word' id='word_1_134' title='bbox 764 1676 905 1777; x_wconf 82' lang='lat' dir='ltr'><strong>ablegati</strong></span> <span class='ocrx_word' id='word_1_135' title='bbox 941 1690 1064 1757; x_wconf 89' lang='lat' dir='ltr'><strong>demini</strong></span> <span class='ocrx_word' id='word_1_136' title='bbox 1100 1691 1237 1758; x_wconf 87' lang='lat' dir='ltr'><strong>Bohemi</strong></span> <span class='ocrx_word' id='word_1_137' title='bbox 1275 1714 1349 1759; x_wconf 88' lang='lat' dir='ltr'><strong>cum</strong></span> 
     </span>
     <span class='ocr_line' id='line_1_16' title="bbox 58 1790 1348 1888; baseline -0.001 -24"><span class='ocrx_word' id='word_1_138' title='bbox 58 1797 220 1888; x_wconf 89' lang='lat' dir='ltr'><strong>principe,</strong></span> <span class='ocrx_word' id='word_1_139' title='bbox 243 1790 465 1880; x_wconf 87' lang='lat' dir='ltr'><strong>Pragensibus</strong></span> <span class='ocrx_word' id='word_1_140' title='bbox 498 1817 537 1859; x_wconf 91' lang='lat' dir='ltr'><strong>ac</strong></span> <span class='ocrx_word' id='word_1_141' title='bbox 559 1793 647 1860; x_wconf 90' lang='lat' dir='ltr'><strong>clero</strong></span> <span class='ocrx_word' id='word_1_142' title='bbox 669 1804 878 1877; x_wconf 81' lang='lat' dir='ltr'><strong>accesserunt</strong></span> <span class='ocrx_word' id='word_1_143' title='bbox 897 1819 1018 1882; x_wconf 85' lang='lat' dir='ltr'><strong>regem,</strong></span> <span class='ocrx_word' id='word_1_144' title='bbox 1053 1797 1169 1884; x_wconf 90' lang='lat' dir='ltr'><strong>quibus</strong></span> <span class='ocrx_word' id='word_1_145' title='bbox 1199 1797 1348 1865; x_wconf 86' lang='lat' dir='ltr'><strong>omnibus</strong></span> 
     </span>
     <span class='ocr_line' id='line_1_17' title="bbox 54 1897 1348 1991; baseline -0.001 -21"><span class='ocrx_word' id='word_1_146' title='bbox 54 1927 118 1970; x_wconf 89' lang='lat' dir='ltr'><strong>rex</strong></span> <span class='ocrx_word' id='word_1_147' title='bbox 139 1901 250 1967; x_wconf 86' lang='lat' dir='ltr'><strong>literas</strong></span> <span class='ocrx_word' id='word_1_148' title='bbox 271 1899 345 1967; x_wconf 90' lang='lat' dir='ltr'><strong>illas</strong></span> <span class='ocrx_word' id='word_1_149' title='bbox 377 1897 525 1964; x_wconf 89' lang='lat' dir='ltr'><strong>exhibuit</strong></span> <span class='ocrx_word' id='word_1_150' title='bbox 568 1907 601 1964; x_wconf 89' lang='lat' dir='ltr'><strong>et</strong></span> <span class='ocrx_word' id='word_1_151' title='bbox 629 1899 671 1964; x_wconf 88' lang='lat' dir='ltr'><strong>ad</strong></span> <span class='ocrx_word' id='word_1_152' title='bbox 704 1901 894 1986; x_wconf 89' lang='lat' dir='ltr'><strong>petitionem</strong></span> <span class='ocrx_word' id='word_1_153' title='bbox 923 1900 1053 1966; x_wconf 91' lang='lat' dir='ltr'><strong>illerum</strong></span> <span class='ocrx_word' id='word_1_154' title='bbox 1074 1902 1230 1988; x_wconf 69' lang='lat' dir='ltr'><strong>tradidit,</strong></span> <span class='ocrx_word' id='word_1_155' title='bbox 1269 1925 1348 1991; x_wconf 88' lang='lat' dir='ltr'><strong>quas</strong></span> 
     </span>
     <span class='ocr_line' id='line_1_18' title="bbox 59 2002 1350 2095; baseline -0.001 -20"><span class='ocrx_word' id='word_1_156' title='bbox 59 2009 174 2095; x_wconf 86' lang='lat' dir='ltr'><strong>literas</strong></span> <span class='ocrx_word' id='word_1_157' title='bbox 197 2005 274 2071; x_wconf 91' lang='lat' dir='ltr'><strong>dum</strong></span> <span class='ocrx_word' id='word_1_158' title='bbox 296 2002 521 2092; x_wconf 77' lang='lat' dir='ltr'><strong>perlegissent,</strong></span> <span class='ocrx_word' id='word_1_159' title='bbox 551 2004 788 2092; x_wconf 88' lang='lat' dir='ltr'><strong>responderunt</strong></span> <span class='ocrx_word' id='word_1_160' title='bbox 809 2006 843 2070; x_wconf 92' lang='lat' dir='ltr'><strong>in</strong></span> <span class='ocrx_word' id='word_1_161' title='bbox 864 2007 1048 2094; x_wconf 84' lang='lat' dir='ltr'><strong>praesentia</strong></span> <span class='ocrx_word' id='word_1_162' title='bbox 1069 2008 1168 2092; x_wconf 90' lang='lat' dir='ltr'><strong>regis,</strong></span> <span class='ocrx_word' id='word_1_163' title='bbox 1191 2008 1279 2094; x_wconf 90' lang='lat' dir='ltr'><strong>quod</strong></span> <span class='ocrx_word' id='word_1_164' title='bbox 1300 2007 1350 2074; x_wconf 94' lang='lat' dir='ltr'><strong>illi</strong></span> 
     </span>
     <span class='ocr_line' id='line_1_19' title="bbox 56 2108 1350 2197; baseline 0 -19"><span class='ocrx_word' id='word_1_165' title='bbox 56 2112 192 2196; x_wconf 91' lang='lat' dir='ltr'><strong>domini,</strong></span> <span class='ocrx_word' id='word_1_166' title='bbox 224 2110 280 2197; x_wconf 88' lang='lat' dir='ltr'><strong>qui</strong></span> <span class='ocrx_word' id='word_1_167' title='bbox 301 2108 360 2174; x_wconf 89' lang='lat' dir='ltr'><strong>has</strong></span> <span class='ocrx_word' id='word_1_168' title='bbox 381 2108 492 2175; x_wconf 91' lang='lat' dir='ltr'><strong>literas</strong></span> <span class='ocrx_word' id='word_1_169' title='bbox 515 2111 682 2188; x_wconf 84' lang='lat' dir='ltr'><strong>miserunt,</strong></span> <span class='ocrx_word' id='word_1_170' title='bbox 716 2131 830 2176; x_wconf 89' lang='lat' dir='ltr'><strong>omnes</strong></span> <span class='ocrx_word' id='word_1_171' title='bbox 862 2110 992 2177; x_wconf 87' lang='lat' dir='ltr'><strong>insimul</strong></span> <span class='ocrx_word' id='word_1_172' title='bbox 1014 2111 1199 2185; x_wconf 78' lang='lat' dir='ltr'><strong>Piclebartue</strong></span> <span class='ocrx_word' id='word_1_173' title='bbox 1220 2113 1285 2178; x_wconf 90' lang='lat' dir='ltr'><strong>sint</strong></span> <span class='ocrx_word' id='word_1_174' title='bbox 1318 2122 1350 2178; x_wconf 89' lang='lat' dir='ltr'><strong>et</strong></span> 
     </span>
     <span class='ocr_line' id='line_1_20' title="bbox 57 2214 1349 2306; baseline -0.002 -21"><span class='ocrx_word' id='word_1_175' title='bbox 57 2223 293 2306; x_wconf 84' lang='lat' dir='ltr'><strong>propagatores</strong></span> <span class='ocrx_word' id='word_1_176' title='bbox 315 2214 574 2299; x_wconf 84' lang='lat' dir='ltr'><strong>Pickhartarum,</strong></span> <span class='ocrx_word' id='word_1_177' title='bbox 607 2214 664 2281; x_wconf 87' lang='lat' dir='ltr'><strong>alii</strong></span> <span class='ocrx_word' id='word_1_178' title='bbox 677 2237 763 2282; x_wconf 85' lang='lat' dir='ltr'><strong>¹vero</strong></span> <span class='ocrx_word' id='word_1_179' title='bbox 787 2217 871 2282; x_wconf 83' lang='lat' dir='ltr'><strong>servi</strong></span> <span class='ocrx_word' id='word_1_180' title='bbox 895 2217 968 2299; x_wconf 88' lang='lat' dir='ltr'><strong>sint,</strong></span> <span class='ocrx_word' id='word_1_181' title='bbox 1000 2215 1131 2304; x_wconf 90' lang='lat' dir='ltr'><strong>quidam</strong></span> <span class='ocrx_word' id='word_1_182' title='bbox 1153 2223 1261 2282; x_wconf 88' lang='lat' dir='ltr'><strong>autem</strong></span> <span class='ocrx_word' id='word_1_183' title='bbox 1283 2217 1349 2282; x_wconf 86' lang='lat' dir='ltr'><strong>illo·</strong></span> 
     </span>
     <span class='ocr_line' id='line_1_21' title="bbox 60 2318 1354 2407; baseline 0 -19"><span class='ocrx_word' id='word_1_184' title='bbox 60 2342 138 2388; x_wconf 87' lang='lat' dir='ltr'><strong>rum</strong></span> <span class='ocrx_word' id='word_1_185' title='bbox 156 2340 218 2387; x_wconf 91' lang='lat' dir='ltr'><strong>non</strong></span> <span class='ocrx_word' id='word_1_186' title='bbox 241 2320 464 2403; x_wconf 88' lang='lat' dir='ltr'><strong>sint-incolae,</strong></span> <span class='ocrx_word' id='word_1_187' title='bbox 487 2327 520 2385; x_wconf 90' lang='lat' dir='ltr'><strong>et</strong></span> <span class='ocrx_word' id='word_1_188' title='bbox 542 2318 671 2407; x_wconf 88' lang='lat' dir='ltr'><strong>quidem</strong></span> <span class='ocrx_word' id='word_1_189' title='bbox 694 2319 782 2386; x_wconf 87' lang='lat' dir='ltr'><strong>bona</strong></span> <span class='ocrx_word' id='word_1_190' title='bbox 802 2342 861 2386; x_wconf 88' lang='lat' dir='ltr'><strong>sua</strong></span> <span class='ocrx_word' id='word_1_191' title='bbox 881 2319 985 2386; x_wconf 91' lang='lat' dir='ltr'><strong>libera</strong></span> <span class='ocrx_word' id='word_1_192' title='bbox 1005 2342 1072 2386; x_wconf 91' lang='lat' dir='ltr'><strong>non</strong></span> <span class='ocrx_word' id='word_1_193' title='bbox 1098 2319 1248 2386; x_wconf 91' lang='lat' dir='ltr'><strong>habeant.</strong></span> <span class='ocrx_word' id='word_1_194' title='bbox 1271 2322 1354 2405; x_wconf 84' lang='lat' dir='ltr'><strong>Post¹</strong></span> 
     </span>
     <span class='ocr_line' id='line_1_22' title="bbox 61 2424 1351 2516; baseline 0 -23"><span class='ocrx_word' id='word_1_195' title='bbox 61 2424 144 2493; x_wconf 86' lang='lat' dir='ltr'><strong>base</strong></span> <span class='ocrx_word' id='word_1_196' title='bbox 163 2433 272 2490; x_wconf 88' lang='lat' dir='ltr'><strong>tamen</strong></span> <span class='ocrx_word' id='word_1_197' title='bbox 294 2446 406 2510; x_wconf 86' lang='lat' dir='ltr'><strong>regem</strong></span> <span class='ocrx_word' id='word_1_198' title='bbox 417 2433 648 2512; x_wconf 87' lang='lat' dir='ltr'><strong>persuaserunt</strong></span> <span class='ocrx_word' id='word_1_199' title='bbox 667 2447 727 2512; x_wconf 89' lang='lat' dir='ltr'><strong>per</strong></span> <span class='ocrx_word' id='word_1_200' title='bbox 740 2426 927 2513; x_wconf 86' lang='lat' dir='ltr'><strong>episcopum</strong></span> <span class='ocrx_word' id='word_1_201' title='bbox 939 2424 1234 2513; x_wconf 87' lang='lat' dir='ltr'><strong>Ostregemensem,</strong></span> <span class='ocrx_word' id='word_1_202' title='bbox 1265 2426 1351 2516; x_wconf 88' lang='lat' dir='ltr'><strong>quod</strong></span> 
     </span>
     <span class='ocr_line' id='line_1_23' title="bbox 56 2528 1351 2621; baseline 0.002 -25"><span class='ocrx_word' id='word_1_203' title='bbox 56 2552 158 2618; x_wconf 83' lang='lat' dir='ltr'><strong>agere</strong></span> <span class='ocrx_word' id='word_1_204' title='bbox 191 2531 351 2616; x_wconf 79' lang='lat' dir='ltr'><strong>inceperit</strong></span> <span class='ocrx_word' id='word_1_205' title='bbox 383 2551 457 2594; x_wconf 87' lang='lat' dir='ltr'><strong>eum</strong></span> <span class='ocrx_word' id='word_1_206' title='bbox 493 2528 599 2615; x_wconf 89' lang='lat' dir='ltr'><strong>legate</strong></span> <span class='ocrx_word' id='word_1_207' title='bbox 635 2530 754 2618; x_wconf 90' lang='lat' dir='ltr'><strong>papali,</strong></span> <span class='ocrx_word' id='word_1_208' title='bbox 795 2531 847 2596; x_wconf 87' lang='lat' dir='ltr'><strong>eui</strong></span> <span class='ocrx_word' id='word_1_209' title='bbox 881 2541 1045 2599; x_wconf 87' lang='lat' dir='ltr'><strong>extractus</strong></span> <span class='ocrx_word' id='word_1_210' title='bbox 1078 2540 1351 2621; x_wconf 88' lang='lat' dir='ltr'><strong>compactatorum</strong></span> 
     </span>
     <span class='ocr_line' id='line_1_24' title="bbox 56 2632 1351 2725; baseline 0.002 -23"><span class='ocrx_word' id='word_1_211' title='bbox 56 2635 204 2702; x_wconf 87' lang='lat' dir='ltr'><strong>breviter</strong></span> <span class='ocrx_word' id='word_1_212' title='bbox 233 2633 400 2721; x_wconf 88' lang='lat' dir='ltr'><strong>appositus</strong></span> <span class='ocrx_word' id='word_1_213' title='bbox 432 2632 570 2700; x_wconf 82' lang='lat' dir='ltr'><strong>traditus</strong></span> <span class='ocrx_word' id='word_1_214' title='bbox 599 2633 662 2699; x_wconf 84' lang='lat' dir='ltr'><strong>fuit</strong></span> <span class='ocrx_word' id='word_1_215' title='bbox 693 2633 736 2700; x_wconf 87' lang='lat' dir='ltr'><strong>ad</strong></span> <span class='ocrx_word' id='word_1_216' title='bbox 769 2635 839 2723; x_wconf 91' lang='lat' dir='ltr'><strong>ejus</strong></span> <span class='ocrx_word' id='word_1_217' title='bbox 870 2637 1069 2724; x_wconf 82' lang='lat' dir='ltr'><strong>petitionem,</strong></span> <span class='ocrx_word' id='word_1_218' title='bbox 1103 2647 1139 2703; x_wconf 92' lang='lat' dir='ltr'><strong>ut</strong></span> <span class='ocrx_word' id='word_1_219' title='bbox 1169 2638 1351 2725; x_wconf 89' lang='lat' dir='ltr'><strong>intelligere</strong></span> 
     </span>
     <span class='ocr_line' id='line_1_25' title="bbox 53 2738 1349 2830; baseline 0.004 -24"><span class='ocrx_word' id='word_1_220' title='bbox 53 2741 173 2830; x_wconf 85' lang='lat' dir='ltr'><strong>possit,</strong></span> <span class='ocrx_word' id='word_1_221' title='bbox 195 2761 279 2825; x_wconf 91' lang='lat' dir='ltr'><strong>quae</strong></span> <span class='ocrx_word' id='word_1_222' title='bbox 300 2740 338 2804; x_wconf 92' lang='lat' dir='ltr'><strong>in</strong></span> <span class='ocrx_word' id='word_1_223' title='bbox 360 2761 396 2804; x_wconf 89' lang='lat' dir='ltr'><strong>se</strong></span> <span class='ocrx_word' id='word_1_224' title='bbox 419 2739 615 2808; x_wconf 81' lang='lat' dir='ltr'><strong>contineant.</strong></span> <span class='ocrx_word' id='word_1_225' title='bbox 658 2738 752 2807; x_wconf 89' lang='lat' dir='ltr'><strong>Haec</strong></span> <span class='ocrx_word' id='word_1_226' title='bbox 773 2740 850 2806; x_wconf 91' lang='lat' dir='ltr'><strong>dum</strong></span> <span class='ocrx_word' id='word_1_227' title='bbox 871 2741 1074 2829; x_wconf 86' lang='lat' dir='ltr'><strong>perlegisset,</strong></span> <span class='ocrx_word' id='word_1_228' title='bbox 1108 2743 1267 2810; x_wconf 90' lang='lat' dir='ltr'><strong>allocutus</strong></span> <span class='ocrx_word' id='word_1_229' title='bbox 1289 2745 1349 2811; x_wconf 87' lang='lat' dir='ltr'><strong>fuit</strong></span> 
     </span>
     <span class='ocr_line' id='line_1_26' title="bbox 54 2843 1345 2940; baseline 0.002 -27"><span class='ocrx_word' id='word_1_230' title='bbox 54 2867 173 2933; x_wconf 90' lang='lat' dir='ltr'><strong>regem</strong></span> <span class='ocrx_word' id='word_1_231' title='bbox 206 2854 239 2910; x_wconf 92' lang='lat' dir='ltr'><strong>et</strong></span> <span class='ocrx_word' id='word_1_232' title='bbox 260 2866 373 2910; x_wconf 89' lang='lat' dir='ltr'><strong>omnes</strong></span> <span class='ocrx_word' id='word_1_233' title='bbox 394 2843 568 2928; x_wconf 88' lang='lat' dir='ltr'><strong>Bohemos,</strong></span> <span class='ocrx_word' id='word_1_234' title='bbox 601 2844 688 2933; x_wconf 91' lang='lat' dir='ltr'><strong>quod</strong></span> <span class='ocrx_word' id='word_1_235' title='bbox 709 2847 744 2911; x_wconf 90' lang='lat' dir='ltr'><strong>in</strong></span> <span class='ocrx_word' id='word_1_236' title='bbox 777 2849 988 2933; x_wconf 88' lang='lat' dir='ltr'><strong>compactatis</strong></span> <span class='ocrx_word' id='word_1_237' title='bbox 1019 2855 1084 2916; x_wconf 87' lang='lat' dir='ltr'><strong>tres</strong></span> <span class='ocrx_word' id='word_1_238' title='bbox 1107 2848 1234 2916; x_wconf 80' lang='lat' dir='ltr'><strong>articuli</strong></span> <span class='ocrx_word' id='word_1_239' title='bbox 1254 2871 1345 2940; x_wconf 91' lang='lat' dir='ltr'><strong>prae·</strong></span> 
     </span>
     <span class='ocr_line' id='line_1_27' title="bbox 19 2950 458 3041; baseline -0.007 -23"><span class='ocrx_word' id='word_1_240' title='bbox 19 2980 23 2985; x_wconf 95' lang='lat'>·</span> <span class='ocrx_word' id='word_1_241' title='bbox 56 2952 150 3041; x_wconf 89' lang='lat' dir='ltr'><strong>cipui</strong></span> <span class='ocrx_word' id='word_1_242' title='bbox 171 2950 245 3035; x_wconf 92' lang='lat' dir='ltr'><strong>sint,</strong></span> <span class='ocrx_word' id='word_1_243' title='bbox 268 2959 458 3038; x_wconf 88' lang='lat' dir='ltr'><strong>sequentes:</strong></span> 
     </span>
    </p>

    <p class='ocr_par' dir='ltr' id='par_1_3' title="bbox 56 3051 1455 4505">
     <span class='ocr_line' id='line_1_28' title="bbox 145 3051 1350 3143; baseline 0.008 -24"><span class='ocrx_word' id='word_1_244' title='bbox 145 3054 276 3120; x_wconf 88' lang='lat' dir='ltr'><strong>Primo:</strong></span> <span class='ocrx_word' id='word_1_245' title='bbox 300 3053 386 3142; x_wconf 88' lang='lat' dir='ltr'><strong>quod</strong></span> <span class='ocrx_word' id='word_1_246' title='bbox 418 3054 533 3119; x_wconf 83' lang='lat' dir='ltr'><strong>attinet</strong></span> <span class='ocrx_word' id='word_1_247' title='bbox 561 3051 819 3140; x_wconf 84' lang='lat' dir='ltr'><strong>praedicationes</strong></span> <span class='ocrx_word' id='word_1_248' title='bbox 847 3056 941 3124; x_wconf 87' lang='lat' dir='ltr'><strong>verbi</strong></span> <span class='ocrx_word' id='word_1_249' title='bbox 971 3059 1084 3143; x_wconf 85' lang='lat' dir='ltr'><strong>divini,</strong></span> <span class='ocrx_word' id='word_1_250' title='bbox 1118 3070 1154 3128; x_wconf 92' lang='lat' dir='ltr'><strong>ut</strong></span> <span class='ocrx_word' id='word_1_251' title='bbox 1187 3061 1248 3128; x_wconf 87' lang='lat' dir='ltr'><strong>hae</strong></span> <span class='ocrx_word' id='word_1_252' title='bbox 1269 3063 1350 3129; x_wconf 86' lang='lat' dir='ltr'><strong>fiant</strong></span> 
     </span>
     <span class='ocr_line' id='line_1_29' title="bbox 56 3157 1350 3256; baseline 0.003 -27"><span class='ocrx_word' id='word_1_253' title='bbox 56 3161 165 3229; x_wconf 91' lang='lat' dir='ltr'><strong>libere</strong></span> <span class='ocrx_word' id='word_1_254' title='bbox 186 3184 206 3224; x_wconf 88' lang='lat' dir='ltr'><strong>a</strong></span> <span class='ocrx_word' id='word_1_255' title='bbox 227 3157 449 3224; x_wconf 88' lang='lat' dir='ltr'><strong>sacerdotibus</strong></span> <span class='ocrx_word' id='word_1_256' title='bbox 471 3159 542 3224; x_wconf 90' lang='lat' dir='ltr'><strong>sine</strong></span> <span class='ocrx_word' id='word_1_257' title='bbox 557 3161 646 3225; x_wconf 90' lang='lat' dir='ltr'><strong>omni</strong></span> <span class='ocrx_word' id='word_1_258' title='bbox 666 3159 907 3246; x_wconf 87' lang='lat' dir='ltr'><strong>impedimento,</strong></span> <span class='ocrx_word' id='word_1_259' title='bbox 930 3163 988 3229; x_wconf 89' lang='lat' dir='ltr'><strong>sed</strong></span> <span class='ocrx_word' id='word_1_260' title='bbox 1003 3163 1127 3253; x_wconf 90' lang='lat' dir='ltr'><strong>absque</strong></span> <span class='ocrx_word' id='word_1_261' title='bbox 1148 3167 1350 3256; x_wconf 88' lang='lat' dir='ltr'><strong>praejudicio</strong></span> 
     </span>
     <span class='ocr_line' id='line_1_30' title="bbox 59 3262 1351 3358; baseline 0.005 -25"><span class='ocrx_word' id='word_1_262' title='bbox 59 3266 180 3333; x_wconf 90' lang='lat' dir='ltr'><strong>summi</strong></span> <span class='ocrx_word' id='word_1_263' title='bbox 203 3263 348 3350; x_wconf 91' lang='lat' dir='ltr'><strong>episcopi</strong></span> <span class='ocrx_word' id='word_1_264' title='bbox 381 3271 414 3328; x_wconf 91' lang='lat' dir='ltr'><strong>et</strong></span> <span class='ocrx_word' id='word_1_265' title='bbox 434 3263 518 3328; x_wconf 88' lang='lat' dir='ltr'><strong>varii</strong></span> <span class='ocrx_word' id='word_1_266' title='bbox 540 3262 620 3329; x_wconf 91' lang='lat' dir='ltr'><strong>cleri</strong></span> <span class='ocrx_word' id='word_1_267' title='bbox 640 3264 864 3336; x_wconf 86' lang='lat' dir='ltr'><strong>riteerdinati.</strong></span> <span class='ocrx_word' id='word_1_268' title='bbox 887 3267 1052 3336; x_wconf 81' lang='lat' dir='ltr'><strong>Secundo:</strong></span> <span class='ocrx_word' id='word_1_269' title='bbox 1077 3272 1163 3358; x_wconf 89' lang='lat' dir='ltr'><strong>quod</strong></span> <span class='ocrx_word' id='word_1_270' title='bbox 1186 3274 1351 3340; x_wconf 89' lang='lat' dir='ltr'><strong>concernit</strong></span> 
     </span>
     <span class='ocr_line' id='line_1_31' title="bbox 59 3366 1455 3464; baseline 0.006 -26"><span class='ocrx_word' id='word_1_271' title='bbox 59 3369 324 3455; x_wconf 79' lang='lat' dir='ltr'><strong>communionem</strong></span> <span class='ocrx_word' id='word_1_272' title='bbox 354 3366 414 3432; x_wconf 90' lang='lat' dir='ltr'><strong>sub</strong></span> <span class='ocrx_word' id='word_1_273' title='bbox 437 3375 573 3455; x_wconf 89' lang='lat' dir='ltr'><strong>utreque</strong></span> <span class='ocrx_word' id='word_1_274' title='bbox 596 3370 715 3458; x_wconf 88' lang='lat' dir='ltr'><strong>speeie,</strong></span> <span class='ocrx_word' id='word_1_275' title='bbox 746 3394 788 3437; x_wconf 89' lang='lat' dir='ltr'><strong>an</strong></span> <span class='ocrx_word' id='word_1_276' title='bbox 811 3395 853 3440; x_wconf 86' lang='lat' dir='ltr'><strong>ex</strong></span> <span class='ocrx_word' id='word_1_277' title='bbox 886 3374 1037 3442; x_wconf 86' lang='lat' dir='ltr'><strong>mandato</strong></span> <span class='ocrx_word' id='word_1_278' title='bbox 1060 3375 1182 3442; x_wconf 78' lang='lat' dir='ltr'><strong>Christi</strong></span> <span class='ocrx_word' id='word_1_279' title='bbox 1202 3378 1348 3464; x_wconf 90' lang='lat' dir='ltr'><strong>Domini,</strong></span> <span class='ocrx_word' id='word_1_280' title='bbox 1448 3446 1455 3463; x_wconf 68' lang='grc'><strong>,</strong></span> 
     </span>
     <span class='ocr_line' id='line_1_32' title="bbox 60 3474 1349 3569; baseline 0.005 -26"><span class='ocrx_word' id='word_1_281' title='bbox 60 3485 118 3544; x_wconf 88' lang='lat' dir='ltr'><strong>aut</strong></span> <span class='ocrx_word' id='word_1_282' title='bbox 141 3498 184 3541; x_wconf 90' lang='lat' dir='ltr'><strong>ex</strong></span> <span class='ocrx_word' id='word_1_283' title='bbox 204 3483 364 3562; x_wconf 82' lang='lat' dir='ltr'><strong>potestate</strong></span> <span class='ocrx_word' id='word_1_284' title='bbox 376 3474 534 3541; x_wconf 85' lang='lat' dir='ltr'><strong>ecclesiae</strong></span> <span class='ocrx_word' id='word_1_285' title='bbox 556 3476 622 3560; x_wconf 87' lang='lat' dir='ltr'><strong>fiat,</strong></span> <span class='ocrx_word' id='word_1_286' title='bbox 647 3475 734 3565; x_wconf 88' lang='lat' dir='ltr'><strong>quod</strong></span> <span class='ocrx_word' id='word_1_287' title='bbox 756 3499 872 3566; x_wconf 89' lang='lat' dir='ltr'><strong>corpus</strong></span> <span class='ocrx_word' id='word_1_288' title='bbox 896 3488 928 3545; x_wconf 91' lang='lat' dir='ltr'><strong>et</strong></span> <span class='ocrx_word' id='word_1_289' title='bbox 949 3484 1082 3568; x_wconf 87' lang='lat' dir='ltr'><strong>sanguis</strong></span> <span class='ocrx_word' id='word_1_290' title='bbox 1094 3484 1178 3551; x_wconf 90' lang='lat' dir='ltr'><strong>sumi</strong></span> <span class='ocrx_word' id='word_1_291' title='bbox 1200 3482 1349 3569; x_wconf 87' lang='lat' dir='ltr'><strong>debeant,</strong></span> 
     </span>
     <span class='ocr_line' id='line_1_33' title="bbox 60 3579 1382 3669; baseline 0.007 -21"><span class='ocrx_word' id='word_1_292' title='bbox 60 3583 126 3648; x_wconf 90' lang='lat' dir='ltr'><strong>hoc</strong></span> <span class='ocrx_word' id='word_1_293' title='bbox 148 3580 322 3666; x_wconf 88' lang='lat' dir='ltr'><strong>diligenter</strong></span> <span class='ocrx_word' id='word_1_294' title='bbox 343 3579 378 3645; x_wconf 90' lang='lat' dir='ltr'><strong>in</strong></span> <span class='ocrx_word' id='word_1_295' title='bbox 399 3580 505 3645; x_wconf 90' lang='lat' dir='ltr'><strong>futuro</strong></span> <span class='ocrx_word' id='word_1_296' title='bbox 540 3582 678 3647; x_wconf 87' lang='lat' dir='ltr'><strong>concilio</strong></span> <span class='ocrx_word' id='word_1_297' title='bbox 712 3585 978 3669; x_wconf 87' lang='lat' dir='ltr'><strong>perscrutandum</strong></span> <span class='ocrx_word' id='word_1_298' title='bbox 1005 3589 1075 3654; x_wconf 85' lang='lat' dir='ltr'><strong>erit</strong></span> <span class='ocrx_word' id='word_1_299' title='bbox 1119 3590 1247 3656; x_wconf 87' lang='lat' dir='ltr'><strong>Tertius</strong></span> <span class='ocrx_word' id='word_1_300' title='bbox 1271 3591 1352 3657; x_wconf 88' lang='lat' dir='ltr'><strong>arti·</strong></span> <span class='ocrx_word' id='word_1_301' title='bbox 1380 3621 1382 3625; x_wconf 50' lang='lat'><em>⁴</em></span> 
     </span>
     <span class='ocr_line' id='line_1_34' title="bbox 61 3684 1351 3784; baseline 0.007 -31"><span class='ocrx_word' id='word_1_302' title='bbox 61 3686 176 3754; x_wconf 89' lang='lat' dir='ltr'><strong>culus:</strong></span> <span class='ocrx_word' id='word_1_303' title='bbox 207 3686 293 3771; x_wconf 89' lang='lat' dir='ltr'><strong>quod</strong></span> <span class='ocrx_word' id='word_1_304' title='bbox 328 3684 515 3750; x_wconf 88' lang='lat' dir='ltr'><strong>sacerdotes</strong></span> <span class='ocrx_word' id='word_1_305' title='bbox 546 3694 578 3751; x_wconf 90' lang='lat' dir='ltr'><strong>et</strong></span> <span class='ocrx_word' id='word_1_306' title='bbox 623 3686 728 3752; x_wconf 88' lang='lat' dir='ltr'><strong>clerus</strong></span> <span class='ocrx_word' id='word_1_307' title='bbox 759 3688 901 3756; x_wconf 88' lang='lat' dir='ltr'><strong>dominia</strong></span> <span class='ocrx_word' id='word_1_308' title='bbox 931 3702 963 3756; x_wconf 90' lang='lat' dir='ltr'><strong>et</strong></span> <span class='ocrx_word' id='word_1_309' title='bbox 995 3716 1047 3759; x_wconf 88' lang='lat' dir='ltr'><strong>res</strong></span> <span class='ocrx_word' id='word_1_310' title='bbox 1083 3692 1214 3761; x_wconf 85' lang='lat' dir='ltr'><strong>laicales</strong></span> <span class='ocrx_word' id='word_1_311' title='bbox 1247 3697 1351 3784; x_wconf 87' lang='lat' dir='ltr'><strong>possi·</strong></span> 
     </span>
     <span class='ocr_line' id='line_1_35' title="bbox 58 3788 1349 3884; baseline 0.006 -25"><span class='ocrx_word' id='word_1_312' title='bbox 58 3793 139 3859; x_wconf 88' lang='lat' dir='ltr'><strong>dere</strong></span> <span class='ocrx_word' id='word_1_313' title='bbox 174 3812 240 3856; x_wconf 90' lang='lat' dir='ltr'><strong>non</strong></span> <span class='ocrx_word' id='word_1_314' title='bbox 274 3788 427 3870; x_wconf 87' lang='lat' dir='ltr'><strong>debeant,</strong></span> <span class='ocrx_word' id='word_1_315' title='bbox 466 3789 523 3855; x_wconf 90' lang='lat' dir='ltr'><strong>sed</strong></span> <span class='ocrx_word' id='word_1_316' title='bbox 560 3789 673 3856; x_wconf 83' lang='lat' dir='ltr'><strong>vivere</strong></span> <span class='ocrx_word' id='word_1_317' title='bbox 694 3795 872 3860; x_wconf 88' lang='lat' dir='ltr'><strong>secundum</strong></span> <span class='ocrx_word' id='word_1_318' title='bbox 905 3796 1021 3884; x_wconf 90' lang='lat' dir='ltr'><strong>legem,</strong></span> <span class='ocrx_word' id='word_1_319' title='bbox 1043 3798 1095 3864; x_wconf 89' lang='lat' dir='ltr'><strong>his</strong></span> <span class='ocrx_word' id='word_1_320' title='bbox 1128 3809 1253 3866; x_wconf 90' lang='lat' dir='ltr'><strong>tantum</strong></span> <span class='ocrx_word' id='word_1_321' title='bbox 1275 3822 1349 3868; x_wconf 87' lang='lat' dir='ltr'><strong>con-</strong></span> 
     </span>
     <span class='ocr_line' id='line_1_36' title="bbox 60 3893 1351 3995; baseline 0.007 -30"><span class='ocrx_word' id='word_1_322' title='bbox 60 3899 154 3981; x_wconf 91' lang='lat' dir='ltr'><strong>tenti,</strong></span> <span class='ocrx_word' id='word_1_323' title='bbox 186 3917 269 3982; x_wconf 84' lang='lat' dir='ltr'><strong>quae</strong></span> <span class='ocrx_word' id='word_1_324' title='bbox 303 3894 358 3960; x_wconf 85' lang='lat' dir='ltr'><strong>lex</strong></span> <span class='ocrx_word' id='word_1_325' title='bbox 383 3893 503 3970; x_wconf 17' lang='lat' dir='ltr'><strong>,divina</strong></span> <span class='ocrx_word' id='word_1_326' title='bbox 535 3895 583 3959; x_wconf 89' lang='lat' dir='ltr'><strong>eis</strong></span> <span class='ocrx_word' id='word_1_327' title='bbox 611 3894 761 3963; x_wconf 85' lang='lat' dir='ltr'><strong>admittit.</strong></span> <span class='ocrx_word' id='word_1_328' title='bbox 807 3898 842 3964; x_wconf 84' lang='lat' dir='ltr'><strong>Si</strong></span> <span class='ocrx_word' id='word_1_329' title='bbox 874 3910 981 3968; x_wconf 88' lang='lat' dir='ltr'><strong>tamen</strong></span> <span class='ocrx_word' id='word_1_330' title='bbox 1013 3903 1194 3971; x_wconf 88' lang='lat' dir='ltr'><strong>haereditas</strong></span> <span class='ocrx_word' id='word_1_331' title='bbox 1217 3915 1351 3995; x_wconf 88' lang='lat' dir='ltr'><strong>paterna</strong></span> 
     </span>
     <span class='ocr_line' id='line_1_37' title="bbox 60 3997 1348 4097; baseline 0.008 -29"><span class='ocrx_word' id='word_1_332' title='bbox 60 4003 127 4068; x_wconf 90' lang='lat' dir='ltr'><strong>illis</strong></span> <span class='ocrx_word' id='word_1_333' title='bbox 171 3999 350 4081; x_wconf 89' lang='lat' dir='ltr'><strong>obvenerit,</strong></span> <span class='ocrx_word' id='word_1_334' title='bbox 381 3998 442 4062; x_wconf 91' lang='lat' dir='ltr'><strong>hae</strong></span> <span class='ocrx_word' id='word_1_335' title='bbox 475 3997 537 4061; x_wconf 85' lang='lat' dir='ltr'><strong>frui</strong></span> <span class='ocrx_word' id='word_1_336' title='bbox 570 4006 722 4085; x_wconf 89' lang='lat' dir='ltr'><strong>poterunt</strong></span> <span class='ocrx_word' id='word_1_337' title='bbox 755 4010 787 4067; x_wconf 91' lang='lat' dir='ltr'><strong>et</strong></span> <span class='ocrx_word' id='word_1_338' title='bbox 820 4026 894 4069; x_wconf 91' lang='lat' dir='ltr'><strong>eum</strong></span> <span class='ocrx_word' id='word_1_339' title='bbox 928 4005 985 4072; x_wconf 90' lang='lat' dir='ltr'><strong>illa</strong></span> <span class='ocrx_word' id='word_1_340' title='bbox 1025 4008 1198 4097; x_wconf 88' lang='lat' dir='ltr'><strong>disponere</strong></span> <span class='ocrx_word' id='word_1_341' title='bbox 1235 4033 1348 4079; x_wconf 87' lang='lat' dir='ltr'><strong>secun·</strong></span> 
     </span>
     <span class='ocr_line' id='line_1_38' title="bbox 60 4106 1350 4198; baseline 0.007 -23"><span class='ocrx_word' id='word_1_342' title='bbox 60 4109 138 4174; x_wconf 86' lang='lat' dir='ltr'><strong>dum</strong></span> <span class='ocrx_word' id='word_1_343' title='bbox 175 4106 407 4172; x_wconf 87' lang='lat' dir='ltr'><strong>institutionem</strong></span> <span class='ocrx_word' id='word_1_344' title='bbox 431 4111 614 4169; x_wconf 87' lang='lat' dir='ltr'><strong>sanctorum</strong></span> <span class='ocrx_word' id='word_1_345' title='bbox 644 4115 772 4191; x_wconf 87' lang='lat' dir='ltr'><strong>patrum</strong></span> <span class='ocrx_word' id='word_1_346' title='bbox 795 4119 827 4174; x_wconf 91' lang='lat' dir='ltr'><strong>et</strong></span> <span class='ocrx_word' id='word_1_347' title='bbox 858 4111 1016 4178; x_wconf 88' lang='lat' dir='ltr'><strong>acclesiae</strong></span> <span class='ocrx_word' id='word_1_348' title='bbox 1038 4113 1211 4183; x_wconf 86' lang='lat' dir='ltr'><strong>Romanae.</strong></span> <span class='ocrx_word' id='word_1_349' title='bbox 1237 4117 1350 4198; x_wconf 27' lang='lat' dir='ltr'><strong>,Simul</strong></span> 
     </span>
     <span class='ocr_line' id='line_1_39' title="bbox 60 4207 1350 4305; baseline 0.007 -25"><span class='ocrx_word' id='word_1_350' title='bbox 60 4215 159 4280; x_wconf 89' lang='lat' dir='ltr'><strong>ctiam</strong></span> <span class='ocrx_word' id='word_1_351' title='bbox 181 4211 368 4292; x_wconf 88' lang='lat' dir='ltr'><strong>insinuavit,</strong></span> <span class='ocrx_word' id='word_1_352' title='bbox 392 4207 478 4295; x_wconf 90' lang='lat' dir='ltr'><strong>quod</strong></span> <span class='ocrx_word' id='word_1_353' title='bbox 502 4207 583 4273; x_wconf 89' lang='lat' dir='ltr'><strong>haec</strong></span> <span class='ocrx_word' id='word_1_354' title='bbox 617 4217 759 4295; x_wconf 89' lang='lat' dir='ltr'><strong>potestas</strong></span> <span class='ocrx_word' id='word_1_355' title='bbox 789 4213 837 4279; x_wconf 90' lang='lat' dir='ltr'><strong>illi</strong></span> <span class='ocrx_word' id='word_1_356' title='bbox 860 4237 1015 4282; x_wconf 88' lang='lat' dir='ltr'><strong>concessa</strong></span> <span class='ocrx_word' id='word_1_357' title='bbox 1043 4222 1182 4305; x_wconf 88' lang='lat' dir='ltr'><strong>nonsit,</strong></span> <span class='ocrx_word' id='word_1_358' title='bbox 1217 4230 1253 4287; x_wconf 92' lang='lat' dir='ltr'><strong>ut</strong></span> <span class='ocrx_word' id='word_1_359' title='bbox 1275 4245 1350 4289; x_wconf 88' lang='lat' dir='ltr'><strong>exe·</strong></span> 
     </span>
     <span class='ocr_line' id='line_1_40' title="bbox 60 4312 1346 4415; baseline 0.005 -30"><span class='ocrx_word' id='word_1_360' title='bbox 60 4319 203 4389; x_wconf 88' lang='lat' dir='ltr'><strong>cutorias</strong></span> <span class='ocrx_word' id='word_1_361' title='bbox 225 4336 337 4402; x_wconf 85' lang='lat' dir='ltr'><strong>super</strong></span> <span class='ocrx_word' id='word_1_362' title='bbox 360 4320 563 4399; x_wconf 84' lang='lat' dir='ltr'><strong>compactata</strong></span> <span class='ocrx_word' id='word_1_363' title='bbox 591 4312 658 4378; x_wconf 91' lang='lat' dir='ltr'><strong>illis</strong></span> <span class='ocrx_word' id='word_1_364' title='bbox 692 4318 851 4402; x_wconf 85' lang='lat' dir='ltr'><strong>extradat,</strong></span> <span class='ocrx_word' id='word_1_365' title='bbox 884 4343 990 4409; x_wconf 88' lang='lat' dir='ltr'><strong>neque</strong></span> <span class='ocrx_word' id='word_1_366' title='bbox 1023 4325 1120 4389; x_wconf 90' lang='lat' dir='ltr'><strong>etiam</strong></span> <span class='ocrx_word' id='word_1_367' title='bbox 1148 4328 1221 4415; x_wconf 91' lang='lat' dir='ltr'><strong>ipse</strong></span> <span class='ocrx_word' id='word_1_368' title='bbox 1251 4335 1346 4413; x_wconf 90' lang='lat' dir='ltr'><strong>pater</strong></span> 
     </span>
     <span class='ocr_line' id='line_1_41' title="bbox 61 4416 1351 4505; baseline 0.003 -13"><span class='ocrx_word' id='word_1_369' title='bbox 61 4421 287 4492; x_wconf 87' lang='lat' dir='ltr'><strong>sanctissimus</strong></span> <span class='ocrx_word' id='word_1_370' title='bbox 316 4418 407 4505; x_wconf 86' lang='lat' dir='ltr'><strong>Papa</strong></span> <span class='ocrx_word' id='word_1_371' title='bbox 440 4438 514 4481; x_wconf 88' lang='lat' dir='ltr'><strong>eum</strong></span> <span class='ocrx_word' id='word_1_372' title='bbox 554 4416 705 4484; x_wconf 90' lang='lat' dir='ltr'><strong>omnibus</strong></span> <span class='ocrx_word' id='word_1_373' title='bbox 742 4423 934 4491; x_wconf 87' lang='lat' dir='ltr'><strong>consiliariis</strong></span> <span class='ocrx_word' id='word_1_374' title='bbox 971 4431 1036 4492; x_wconf 89' lang='lat' dir='ltr'><strong>suis</strong></span> <span class='ocrx_word' id='word_1_375' title='bbox 1070 4430 1151 4494; x_wconf 87' lang='lat' dir='ltr'><strong>haec</strong></span> <span class='ocrx_word' id='word_1_376' title='bbox 1180 4431 1351 4496; x_wconf 87' lang='lat' dir='ltr'><strong>admittere</strong></span> 
     </span>
    </p>
   </div>
   <div class='ocr_carea' id='block_1_3' title="bbox 61 4519 1387 4833">
    <p class='ocr_par' dir='ltr' id='par_1_4' title="bbox 61 4519 1387 4833">
     <span class='ocr_line' id='line_1_42' title="bbox 61 4519 1350 4619; baseline 0.005 -24"><span class='ocrx_word' id='word_1_377' title='bbox 61 4528 188 4619; x_wconf 82' lang='lat' dir='ltr'><strong>possit3</strong></span> <span class='ocrx_word' id='word_1_378' title='bbox 220 4524 412 4614; x_wconf 88' lang='lat' dir='ltr'><strong>praesertim</strong></span> <span class='ocrx_word' id='word_1_379' title='bbox 436 4519 521 4608; x_wconf 93' lang='lat' dir='ltr'><strong>quod</strong></span> <span class='ocrx_word' id='word_1_380' title='bbox 547 4519 634 4589; x_wconf 88' lang='lat' dir='ltr'><strong>hunc</strong></span> <span class='ocrx_word' id='word_1_381' title='bbox 665 4524 837 4598; x_wconf 66' lang='lat' dir='ltr'><strong>articulum,</strong></span> <span class='ocrx_word' id='word_1_382' title='bbox 858 4536 1024 4600; x_wconf 85' lang='lat' dir='ltr'><strong>concernit</strong></span> <span class='ocrx_word' id='word_1_383' title='bbox 1051 4535 1093 4602; x_wconf 93' lang='lat' dir='ltr'><strong>de</strong></span> <span class='ocrx_word' id='word_1_384' title='bbox 1125 4536 1350 4602; x_wconf 88' lang='lat' dir='ltr'><strong>communione</strong></span> 
     </span>
     <span class='ocr_line' id='line_1_43' title="bbox 65 4628 1347 4718; baseline 0.005 -18"><span class='ocrx_word' id='word_1_385' title='bbox 65 4634 126 4703; x_wconf 89' lang='lat' dir='ltr'><strong>sub</strong></span> <span class='ocrx_word' id='word_1_386' title='bbox 155 4640 292 4718; x_wconf 86' lang='lat' dir='ltr'><strong>utraque</strong></span> <span class='ocrx_word' id='word_1_387' title='bbox 321 4629 440 4715; x_wconf 88' lang='lat' dir='ltr'><strong>speeie.</strong></span> <span class='ocrx_word' id='word_1_388' title='bbox 473 4628 566 4694; x_wconf 86' lang='lat' dir='ltr'><strong>Haeo</strong></span> <span class='ocrx_word' id='word_1_389' title='bbox 588 4631 676 4696; x_wconf 90' lang='lat' dir='ltr'><strong>enim</strong></span> <span class='ocrx_word' id='word_1_390' title='bbox 707 4633 750 4698; x_wconf 89' lang='lat' dir='ltr'><strong>ad</strong></span> <span class='ocrx_word' id='word_1_391' title='bbox 781 4637 965 4706; x_wconf 87' lang='lat' dir='ltr'><strong>universale</strong></span> <span class='ocrx_word' id='word_1_392' title='bbox 999 4642 1172 4707; x_wconf 91' lang='lat' dir='ltr'><strong>concilium</strong></span> <span class='ocrx_word' id='word_1_393' title='bbox 1206 4641 1347 4707; x_wconf 81' lang='lat' dir='ltr'><strong>futurum</strong></span> 
     </span>
     <span class='ocr_line' id='line_1_44' title="bbox 63 4731 1387 4833; baseline 0.006 -27"><span class='ocrx_word' id='word_1_394' title='bbox 63 4743 215 4828; x_wconf 88' lang='lat' dir='ltr'><strong>spectant</strong></span> <span class='ocrx_word' id='word_1_395' title='bbox 235 4734 277 4805; x_wconf 87' lang='lat' dir='ltr'><strong>ad</strong></span> <span class='ocrx_word' id='word_1_396' title='bbox 300 4731 536 4819; x_wconf 65' lang='lat' dir='ltr'><strong>definiendum</strong></span> <span class='ocrx_word' id='word_1_397' title='bbox 574 4734 661 4820; x_wconf 87' lang='lat' dir='ltr'><strong>quod</strong></span> <span class='ocrx_word' id='word_1_398' title='bbox 682 4737 783 4824; x_wconf 89' lang='lat' dir='ltr'><strong>igitur</strong></span> <span class='ocrx_word' id='word_1_399' title='bbox 802 4739 895 4811; x_wconf 84' lang='lat' dir='ltr'><strong>Patri</strong></span> <span class='ocrx_word' id='word_1_400' title='bbox 918 4746 1131 4818; x_wconf 70' lang='lat' dir='ltr'><strong>sanctissime</strong></span> <span class='ocrx_word' id='word_1_401' title='bbox 1158 4753 1197 4817; x_wconf 72' lang='lat' dir='ltr'><strong>et.</strong></span> <span class='ocrx_word' id='word_1_402' title='bbox 1215 4743 1387 4833; x_wconf 49' lang='lat' dir='ltr'><strong>duabsu·</strong></span> 
     </span>
    </p>
   </div>
   <div class='ocr_carea' id='block_1_4' title="bbox 0 0 1493 5040">
    <p class='ocr_par' dir='ltr' id='par_1_5' title="bbox 0 0 1493 5040">
     <span class='ocr_line' id='line_1_45' title="bbox 0 0 1493 5040; baseline 0 0"><span class='ocrx_word' id='word_1_403' title='bbox 0 0 1493 5040; x_wconf 95' lang='lat' dir='ltr'><strong> </strong></span> 
     </span>
    </p>
   </div>
  </div>
 </body>
</html>
