2948 5040
1288 144 1354 215 201

51 319 300 415 -sentiamedia
321 326 375 387 est
394 319 430 387 in
442 320 687 385 sacramento.“'
699 317 794 385 Haec¹
812 316 928 385 nullus·
943 315 1227 404 evangelistarum,
1248 315 1356 384 nullus

56 426 289 515 apostolorum,
326 433 359 491 et
380 423 489 490 nullus
512 421 671 490 ecclesiae
703 421 871 491 doctorum
903 422 1253 512 unquam'acripserat,
1287 443 1354 487 non

57 539 110 597 est
133 530 216 596 haee
248 551 317 597 vox
339 527 472 611 Christi,
504 549 567 603 nec
600 535 675 593 sunt
706 526 789 594 haee
811 527 924 595 verba
945 525 1078 612 Christi,
1112 550 1227 617 neque·
1250 525 1355 593 verba

56 616 290 723 apostolorum.
333 632 495 698 Dominus
516 638 627 697 antem
648 630 703 715 ait,
735 630 832 718 qued,
865 632 921 719 qui
949 630 1041 698 audit
1060 653 1176 699 vocem
1199 632 1280 721 ejus,
1311 631 1354 696 sit

57 740 131 806 ovis
155 759 198 803 ex
219 736 299 805 ovili
322 735 480 821 ejusdem,
505 736 561 823 qui
583 757 662 802 vero
684 735 781 802 aliam
803 757 918 804 vocem
940 735 1041 817 audit,
1065 735 1259 803 dicitillum
1281 755 1355 801 esse

57 866 102 911 ex
122 842 189 908 alio
211 839 300 917 ovili.
325 839 421 924 „Vox
442 839 550 905 aliena
569 840 835 925 sacramentalis,
865 862 983 928 corpus
1005 840 1249 926 sacramentale,
1277 864 1353 909 san·

58 949 134 1037 guis
156 945 364 1031 benedictus,
394 947 489 1034 panis
522 945 714 1013 benedictus
744 950 866 1035 apuam
898 947 1043 1035 corporis¹
1077 944 1210 1029 Ohristi,
1242 948 1356 1014 vinum'
1438 970 1443 982 ·

58 1054 188 1139 signum
200 1050 368 1138 sanguinis
379 1048 501 1141 Christi
515 1051 544 1135 ;“
569 1052 690 1138 scripta
704 1051 869 1119 haeretica
883 1061 967 1136 sunt,
989 1072 1065 1117 care
1087 1049 1189 1117 frater
1198 1050 1355 1138 Mathias;

56 1157 140 1223 haec
161 1154 394 1222 circumferens
416 1164 449 1221 et
470 1155 680 1239 distribuens,
702 1154 820 1222 multoe
842 1156 924 1243 ¹alios
945 1156 997 1222 his
1019 1150 1173 1227 infecisti.

142 1259 229 1326 Item
258 1259 345 1347 quod
375 1258 564 1346 Skir‘neclry'
594 1259 811 1347 rebaptisatus
840 1259 939 1329 fuerit
970 1267 1003 1325 et
1032 1258 1212 1326 Pickhartu
1234 1260 1285 1344 sit,
1323 1269 1357 1325 et

55 1364 114 1431 alii
135 1363 257 1453 plures,
282 1365 338 1455 qui
358 1363 496 1431 veebum
517 1365 582 1430 Dei
604 1386 671 1430 non
697 1371 838 1448 servant,
870 1385 931 1430 nec
948 1364 1087 1452 jejunia,
1120 1387 1183 1431 nec
1214 1372 1352 1454 peecata

56 1491 131 1537 esse
153 1468 299 1537 credunt
338 1465 479 1545 Sanctus
499 1467 615 1535 Petrus
636 1470 699 1534 ait:
723 1467 810 1555 quod
823 1490 883 1556 per
904 1468 986 1534 tales
1008 1469 1180 1555 magistros
1195 1470 1251 1536 via
1272 1469 1355 1541 haec

55 1573 186 1640 infamis
209 1572 379 1656 efficietur,
415 1580 448 1637 et
469 1571 546 1637 dum
568 1573 661 1638 multi
684 1571 856 1655 luxuriam,
889 1571 998 1637 idest
1027 1570 1110 1638 falsa
1130 1572 1285 1660 dogmata
1306 1595 1355 1640 ee·

57 1686 208 1768 quantur,
240 1698 321 1764 quos
351 1697 509 1764 praeceps
543 1685 711 1764 exspectat
731 1677 888 1743 interitus.
933 1674 985 1743 Ol
1015 1678 1143 1765 respice
1172 1676 1300 1744 labores
1324 1688 1357 1745 et

56 1791 192 1851 conatus
214 1790 298 1865 tuos,
321 1780 503 1863 considera,
533 1781 620 1868 quod
642 1779 724 1846 nihil
745 1779 780 1845 in
810 1789 853 1865 te,
881 1802 988 1869 neque
1008 1781 1044 1847 in
1073 1780 1146 1862 aliis
1167 1782 1354 1870 profeceris.
1465 1785 1469 1803 '

55 1888 220 1975 Agnosce,
244 1895 276 1951 te
289 1886 537 1965 essemiserum
560 1894 593 1951 et
606 1885 794 1973 pauperem,
818 1886 967 1972 quamvis
988 1884 1072 1951 forte
1081 1884 1211 1973 judices
1234 1895 1355 1953 teesse

54 1992 192 2061 divitem
216 2000 249 2057 et
268 1990 409 2073 doctum,
431 1989 485 2056 vel
506 1990 541 2055 in
563 1991 709 2072 seientia,
731 1988 958 2076 intelligentia,
980 1999 1049 2057 tum
1063 1991 1098 2055 in
1112 1988 1297 2077 prudentia,
1319 1991 1355 2058 in

56 2099 229 2164 sanctitate
250 2105 306 2162 aut
326 2092 516 2169 humilitate.
561 2092 612 2161 01
636 2102 705 2161 esto
727 2115 852 2182 pauper
881 2096 916 2160 in
938 2093 1118 2161 humilitate
1147 2102 1189 2159 et'
1208 2096 1355 2179 scientia,

19 2262 24 2271 .
55 2212 90 2268 et
112 2224 178 2275 non
211 2201 304 2267 dives
337 2221 412 2265 cum
433 2198 627 2266 Piclrhartie.
670 2198 841 2266 Admoneo
874 2208 916 2278 te,
949 2223 1008 2288 per
1037 2199 1146 2265 Deum
1178 2200 1289 2266 vivum
1323 2209 1357 2265 et

55 2305 345 2391 benignissimum,
366 2302 439 2386 redi
460 2304 496 2369 in
519 2325 662 2369 eremum
685 2312 793 2389 tuam3
823 2325 891 2388 ora,
924 2326 986 2392 age
1005 2303 1250 2392 poenitentiam,
1276 2326 1354 2371 num

60 2409 144 2477 forte
161 2403 254 2476 Deus
275 2410 324 2475 tui
345 2409 494 2475 misereri
515 2407 624 2491 vellet,
655 2416 688 2474 et
709 2429 776 2492 cra,
809 2417 845 2474 ut
864 2407 923 2494 illi,
946 2430 1027 2496 quos
1050 2408 1217 2495 seduxisti,
1246 2417 1354 2477 tecum

58 2516 174 2582 iterum
196 2517 231 2580 in
252 2516 411 2580 unitatem
432 2512 511 2581 fidei
532 2513 678 2580 redeant.

141 2619 181 2684 In
209 2619 326 2698 literis,
361 2640 442 2706 quas
472 2616 728 2684 administratori
763 2617 921 2706 scripsisti
953 2625 1057 2705 (rogo,
1091 2619 1235 2705 ignosce,
1268 2619 1355 2706 quod

54 2746 162 2815 pauca
184 2722 374 2812 insinuem),
396 2722 494 2791 valde
516 2722 559 2789 ah
581 2722 749 2789 intellectu
761 2722 902 2789 humano
917 2722 1090 2809 aberrasti3
1114 2733 1146 2790 et
1168 2724 1299 2811 quidem
1320 2725 1355 2789 in

56 2836 140 2901 hoc:
163 2834 339 2899 insinuasti
362 2833 459 2910 cnim,
494 2830 581 2920 quod
610 2833 638 2897 si
666 2830 745 2919 quid
766 2832 822 2897 uni
843 2832 879 2896 in
907 2830 1009 2897 altero
1031 2830 1211 2919 displiceat,
1246 2830 1354 2895 eidem

54 2942 90 3005 in
110 2938 300 3027 praesentia
320 2937 472 3002 intimare
494 2935 595 3021 velis3
630 2945 665 3001 tu
686 2956 765 3001 vero
787 2938 878 3024 prius
900 2942 977 3001 ante
999 2934 1122 3020 aliquot
1153 2933 1353 3023 septimanas

55 3045 116 3111 has
139 3042 251 3110 literas
273 3043 360 3108 inter
381 3040 507 3108 nobiles
539 3041 724 3129 divulganti,
738 3062 831 3128 ¹quae
852 3041 966 3107 literae
988 3040 1085 3106 etiam
1106 3040 1196 3129 prins
1218 3034 1353 3105 admini-

56 3149 189 3217 stratori
211 3147 254 3213 ad
275 3169 391 3214 manus
413 3156 642 3234 pervenerunt,
665 3157 838 3237 antequam
862 3155 896 3212 tu
916 3145 966 3238 illi
988 3143 1120 3211 easdem
1141 3143 1354 3228 misisses-in

56 3255 176 3344 quibua
199 3253 302 3320 literis
324 3252 533 3329 asseverasti,
563 3260 595 3317 te
618 3274 691 3318 esse
713 3252 810 3320 valde
831 3253 984 3319 idoneum
1008 3258 1040 3315 et
1062 3269 1216 3338 capacem
1239 3250 1273 3315 in
1296 3271 1351 3315 ex·

56 3360 221 3451 positione
244 3367 276 3423 et
298 3356 518 3423 declaratione
534 3378 649 3423 sensus
666 3359 853 3424 testamenti
864 3358 991 3443 Divini,
1014 3366 1224 3425 contemnens
1239 3374 1353 3421 omnes

56 3464 296 3533 ecclesiasticos
318 3462 495 3528 directores
518 3471 551 3528 et
572 3461 721 3528 dominos
744 3463 936 3550 Pragenses.

144 3570 287 3656 Tempus
310 3568 390 3634 mihi
413 3589 479 3633 non
513 3567 643 3651 sufficit,
675 3575 711 3632 ut
743 3567 891 3652 scribam,
924 3566 981 3633 ubi
1003 3575 1036 3633 et
1067 3562 1228 3656 quomodo
1256 3563 1353 3630 fidem

55 3676 122 3741 Dei
154 3677 190 3739 in
212 3671 311 3739 dubio
335 3681 368 3740 et
390 3676 498 3738 errore
521 3678 664 3756 statuas3
694 3671 757 3746 hoc
779 3672 911 3739 unicum
933 3672 994 3738 tibi
1015 3671 1165 3745 insinuo:
1195 3669 1354 3758 credisne,

57 3779 144 3867 quod
167 3777 305 3845 verbum
326 3779 533 3844 incarnatum
554 3778 660 3864 firerit,
691 3789 747 3845 aut
768 3780 866 3868 quod·
886 3780 1022 3847 verbum
1044 3801 1120 3846 earo
1142 3777 1264 3845 factum
1285 3777 1354 3844 sit?

57 3886 93 3950 Si
115 3887 171 3966 ita,
196 3885 294 3949 etiam
316 3882 401 3948 illud
422 3882 556 3948 credere
577 3905 678 3970 grave
693 3883 753 3951 tibi
775 3906 841 3951 non
864 3885 936 3968 erit,
959 3883 1046 3970 quod
1062 3882 1156 3949 nobis
1180 3883 1352 3949 extradere

57 3989 211 4075 dignatus
235 3989 277 4052 sit
300 4009 418 4075 corpus
439 3987 531 4072 illud,
554 3989 641 4076 quod
655 4011 714 4077 pro
728 3989 823 4057 nobis
835 3990 1001 4078 proditum
1015 3988 1085 4067 fuit,
1109 3996 1141 4054 et
1162 3988 1354 4074 sanguinem

56 4093 158 4176 illum,
183 4093 238 4179 qui
261 4115 321 4178 pro
343 4091 438 4158 nohis
461 4095 583 4159 effusus
612 4106 670 4161 eet.
705 4095 854 4161 Dicimus
867 4105 975 4162 autem
991 4094 1083 4184 (dum
1105 4093 1291 4161 accedimus
1313 4092 1360 4165 ed.

56 4219 176 4284 corpus
199 4205 232 4261 et
254 4198 444 4283 sanguinem
468 4198 601 4263 Domini
623 4199 725 4265 nostri
746 4199 828 4266 Jesu
850 4199 987 4291 Christi)
1021 4209 1153 4289 propter
1174 4200 1353 4288 conjuncti·

55 4324 152 4367 onem
174 4300 335 4366 indivisae
358 4302 499 4367 Deitatis
523 4326 597 4370 cum
619 4303 833 4371 humanitate:
857 4306 1012 4373 accedam
1034 4307 1211 4373 Dominum
1233 4306 1353 4388 Deum,

56 4409 134 4473 dum
158 4407 245 4471 enim
266 4406 381 4473 Deitas
412 4408 605 4476 humanitati
627 4411 718 4477 unita
738 4410 809 4495 fuit,
837 4414 908 4500 jam
930 4435 996 4478 non
1018 4411 1123 4479 divisa
1150 4395 1280 4477 fuerunt
1311 4408 1352 4475 ab

54 4516 209 4596 invicem,
232 4536 294 4578 neo
316 4512 504 4579 dividentur
524 4516 560 4580 in
581 4523 757 4581 aeternum.
795 4517 887 4583 Sicut
907 4518 1000 4584 Deus
1021 4517 1209 4584 Abrahamo
1232 4535 1354 4580 sermo-

55 4640 114 4683 nes
138 4617 297 4695 adversos
318 4618 445 4684 locutus
467 4619 544 4703 fuit,
574 4621 675 4687 itaet
697 4642 781 4709 quae
802 4622 897 4690 nobis
919 4622 1070 4711 loquitur,
1102 4627 1260 4710 apparent
1280 4639 1353 4683 esse

57 4722 216 4808 adversa;
238 4721 406 4793 Abraham
419 4744 558 4812 ¹semper
579 4725 686 4796 fidelis
708 4727 899 4815 permansit,
921 4723 1271 4797 etddelesehristiam'x
1286 4743 1371 4783 em
