2948 5040
83 137 208 217 w

137 333 199 377 neo
219 310 357 377 alterum
389 306 557 396 adimples,
591 328 654 372 nec
691 327 811 390 servas,
844 315 883 373 te.
898 308 1005 397 ipsum
1036 305 1078 374 de
1100 308 1272 377 mendacio
1305 305 1427 396 arguis.

137 415 321 485 ¹Oonciones
343 412 454 480 dixisti
469 410 690 494 tumultuosas,
713 412 883 499 inquietas,
905 411 1099 501 proditorias
1122 421 1234 480 contra
1254 412 1429 480 verimtm

136 518 230 607 legis,
253 519 424 585 lectionem
447 539 572 583 sacram
594 513 715 581 Christi
748 516 893 600 Domini,
926 515 1075 582 homines
1095 515 1210 585 fideles
1253 526 1287 583 et
1311 536 1426 583 servos

137 624 212 709 Dei,
233 624 315 691 haec
337 646 416 699 cum,
431 622 505 688 ahis
527 621 633 708 egisti,
655 642 716 709 per
749 620 922 710 parochias
949 620 1106 711 populum
1139 629 1252 689 contra
1272 617 1430 709 populum

137 729 314 813 concitans,
338 728 560 794 dissensiones
597 733 630 791 et
658 723 795 813 dissidia
830 724 1003 809 seminans,
1040 725 1243 793 contumeliis
1265 723 1428 802 afficiens,

138 834 319 909 haereticos
351 841 384 899 et
403 831 597 899 Pickhartas
620 827 805 897 sacerdotes
826 829 940 896 fideles
974 837 1007 897 et
1040 830 1188 897 homines
1221 830 1295 918 pios
1317 848 1430 895 eorum

139 937 292 1026 dogmata
313 943 495 1026 sequentes,
518 935 721 1025 compellanti
752 937 786 1001 in
821 934 1031 1002 concionibus
1053 935 1137 1022 tuis3
1172 934 1314 1023 ideoque
1350 958 1428 1002 nun·

138 1065 236 1131 quam
259 1065 334 1109 cum
356 1041 496 1130 quodam
518 1040 559 1107 de
582 1038 804 1107 sacerdotibus
826 1039 877 1105 his
899 1038 941 1106 ob
963 1037 1069 1126 legem
1101 1040 1167 1106 Dei
1186 1039 1223 1105 in
1243 1040 1431 1128 praesenh's

139 1147 270 1214 illorum
293 1156 325 1214 te
347 1168 421 1212 oum
444 1145 637 1234 sequacibus
659 1146 723 1211 tuis
744 1146 779 1210 in
804 1143 931 1233 judicio
954 1144 1069 1210 sistere
1090 1143 1263 1231 voluistis,
1294 1144 1359 1212 sed
1380 1165 1427 1211 so-

140 1250 208 1317 lum
230 1253 265 1317 in
288 1249 497 1318 concionibus
519 1249 637 1318 vestris
659 1241 946 1338 populnm'contra
967 1247 1041 1315 illos
1054 1249 1258 1335 concitastis3
1280 1247 1334 1315 illi
1354 1270 1430 1317 vcro

140 1359 287 1425 nolentes
317 1354 409 1422 vobis
442 1377 515 1425 esse
547 1377 665 1421 causae
693 1354 934 1423 contentionum
968 1363 1001 1420 ct
1039 1355 1291 1440 dissensionum,
1316 1363 1431 1444 sponte

87 1515 89 1522 .
141 1463 248 1550 Praga
270 1461 450 1544 exiverunt,
473 1467 509 1525 ut
529 1481 589 1527 vos
612 1480 684 1526 cum
706 1459 826 1550 popule
848 1460 977 1546 quietos
1007 1458 1153 1539 reddant,
1186 1484 1190 1493 ’

139 1646 142 1655 ¹
225 1567 303 1632 Post
324 1565 452 1635 illorum
474 1586 552 1631 vero
576 1564 685 1652 Praga
707 1566 831 1631 exituum
853 1564 931 1653 quid
964 1565 1136 1633 effeceritis
1160 1573 1192 1632 et
1214 1567 1428 1634 causaveritis

137 1673 177 1752 ,in
199 1671 428 1738 communitate
460 1670 537 1736 mali
579 1679 611 1736 et
630 1669 770 1754 adversi,
799 1670 862 1736 hoc
895 1669 1047 1736 omnibus
1068 1676 1181 1736 notum
1215 1676 1274 1754 est,
1312 1692 1431 1761 nempe

142 1768 392 1864 inquietudines,
417 1776 609 1840 tentationes
622 1775 792 1861 violentas,
815 1775 1007 1842 afflictiones
1029 1776 1225 1864 tyrannicas,
1248 1775 1429 1843 incarcera-

141 1883 256 1964 tiones,
278 1878 522 1966 flagellationes,
545 1881 751 1946 inconsuetas
783 1882 970 1968 stigmatum
991 1882 1232 1970 impressiones,
1263 1878 1431 1947 hominum

146 1983 328 2052 stribubus
351 1983 564 2068 exclusiones,
584 2007 670 2072 ‚quae
683 2006 745 2050 nec
760 1985 846 2074 apud
868 1984 1016 2072 gentiles,
1038 1982 1232 2051 neoTurcas
1254 1983 1331 2050 fieri
1354 1982 1430 2051 sole

61 2130 63 2139 =
143 2088 230 2157 bant
253 2089 297 2154 Et
328 2088 411 2155 haec
445 2089 552 2156 omnia
587 2090 708 2177 injuste
738 2089 826 2156 facta
857 2100 931 2156 sunt
952 2088 1102 2156 fidelibus
1136 2097 1170 2155 et
1200 2088 1428 2171 innocentibus

142 2193 269 2279 incolis,
293 2201 325 2259 et
346 2194 513 2282 hucusque
534 2193 605 2259 heri
627 2216 694 2260 non
715 2192 876 2280 desinunt,
899 2205 966 2259 tam
987 2217 1046 2283 per
1071 2204 1104 2261 te
1116 2193 1429 2282 magister-flagitio

146 2323 217 2391 rum
240 2300 356 2385 Galle,
401 2323 498 2389 quam
533 2323 593 2388 per
614 2307 686 2367 tuos
710 2300 866 2388 quosdam
888 2300 930 2366 de
952 2301 1038 2366 clero
1082 2308 1114 2366 et
1139 2298 1223 2365 alios
1244 2298 1360 2366 fimore
1380 2297 1427 2366 ob

149 2414 297 2471 soccatos
320 2413 469 2494 potentes
492 2404 533 2470 ds
555 2405 681 2492 officiis.
704 2404 870 2472 Multoties
898 2407 985 2471 enim
1006 2397 1081 2493 post
1102 2403 1189 2481 hanc
1208 2403 1332 2470 furoris
1355 2413 1424 2471 tem·

139 2518 308 2597 :pestatem
338 2532 412 2575 cum
434 2508 627 2597 quibusdam
649 2510 776 2578 clericis
798 2510 862 2576 tuis
885 2516 998 2576 contra
1018 2508 1143 2594 fideles,
1165 2506 1268 2575 bonos
1283 2517 1320 2574 et
1343 2510 1419 2575 inno·

146 2622 255 2679 centes
283 2613 442 2687 ,homines
475 2614 671 2702 praedicasti
692 2616 820 2701 injuste,
862 2614 943 2682 false
966 2622 999 2679 et
1017 2612 1238 2679 fraudulenter
1269 2633 1424 2690 asserens,

139 2717 234 2805 quod·
252 2715 301 2783 illi
323 2718 469 2785 homines
489 2719 537 2807 pii
560 2719 746 2808 (perversos
767 2718 959 2809 proditores,
985 2719 1168 2790 haereticos
1186 2725 1219 2783 et
1240 2714 1430 2786 Pickhartts

147 2844 201 2889 sos
234 2821 420 2911 appellans)
451 2825 615 2890 voluerint
648 2847 760 2892 omnes
782 2825 914 2892 insimul
949 2824 1071 2891 incolas
1094 2823 1236 2912 reliquos
1259 2822 1431 2906 trucidare,

149 2926 238 2993 viros
259 2948 387 3015 nempe,
410 2927 562 2994 mulieres
584 2937 618 3001 et
636 2930 745 3019 proles
768 2930 964 3014 interimere,
998 2928 1085 3018 quod
1117 2949 1196 2995 vero
1224 2927 1322 2994 vobis
1344 2928 1432 2996 Deus

147 3031 285 3120 gratiam
308 3031 382 3099 illos
411 3032 565 3100 vincendi
587 3033 745 3103 tribuerit
770 3032 855 3102 Tum
886 3034 936 3100 Te
965 3034 1073 3100 Deum
1107 3029 1294 3100 Laudamus
1318 3033 1433 3102 decan·

146 3143 248 3226 tastis
270 3163 443 3229 campanas
465 3140 731 3231 ubiquePragae
752 3144 917 3233 pulsastis,
949 3165 1008 3232 per
1040 3150 1141 3208 totum
1162 3138 1344 3207 Bohomiae
1364 3160 1434 3226 reg·

143 3268 231 3327 ‘num
252 3245 310 3311 illa
332 3247 444 3312 omnia
469 3247 560 3331 falsa,
583 3255 681 3337 atque
702 3249 737 3315 in
771 3249 852 3315 alias
882 3247 1033 3336 regiones
1054 3269 1171 3336 prore
1193 3256 1283 3315 certa
1305 3253 1340 3313 et
1370 3243 1433 3310 evi·

151 3349 240 3416 denti
274 3351 510 3439 perscripsistis
565 3359 597 3418 et
645 3354 752 3441 sigilla
772 3361 882 3421 vestra
903 3351 946 3419 ad
967 3352 1138 3419 mendacia
1159 3351 1380 3442 appressistis,
1400 3350 1434 3416 in

148 3455 316 3550 civitatee,
352 3455 472 3545 oppida
495 3464 528 3521 et
560 3455 602 3522 ad
624 3480 737 3524 omnes
771 3467 871 3525 status
905 3459 1171 3549 transmittentes.
1215 3455 1334 3525 Olenus
1355 3475 1433 3523 vern

148 3559 240 3626 vobis
272 3561 307 3626 in
335 3560 458 3626 malitia
495 3561 620 3647 similis,
642 3564 773 3651 quidam
806 3587 908 3654 aeque
944 3565 991 3632 ita
1011 3563 1193 3630 concionati
1213 3560 1348 3630 luerunt
1368 3559 1433 3643 hic,

145 3666 232 3732 sicut
263 3687 322 3746 ros
360 3664 449 3744 alibi,
472 3675 505 3732 et
539 3666 621 3733 haec
653 3672 771 3755 omnia,
810 3670 894 3736 sicut
925 3667 1050 3736 coelum
1082 3691 1104 3735 a
1124 3676 1264 3752 terra,a
1292 3667 1431 3734 veritate

148 3779 281 3854 remota,
315 3792 376 3837 nec
397 3772 527 3837 veritati
549 3773 676 3860 similia,
700 3774 758 3842 ssd
778 3798 862 3863 pura
881 3773 1052 3841 mendacia
1073 3775 1210 3840 fuerunt
1255 3771 1368 3862 Atque
1389 3772 1432 3837 ita

144 3873 211 3953 ‚hoc
242 3875 337 3950 unico
359 3876 528 3945 mendacio
551 3879 715 3947 adsemel
736 3881 889 3948 effecistis
922 3880 1024 3947 multa
1044 3879 1149 3946 millia
1167 3876 1432 3963 mendaciorum

148 3979 214 4045 imo
242 3987 279 4054 ¹et
300 4002 465 4068 nunqnam
487 3983 632 4051 audihrm
654 3985 724 4070 fuit,
764 3995 801 4053 ut
821 3986 863 4053 ab
886 3984 1002 4053 ovibus
1024 3984 1093 4074 lupi
1109 3981 1350 4073 jugularentur,
1381 3994 1435 4049 aut

148 4083 264 4171 vulpes
291 4107 312 4148 a
332 4085 478 4172 gallinis3
504 4089 562 4156 sed
584 4113 637 4158 res
659 4092 817 4159 naturalis
840 4102 897 4177 est,
929 4099 965 4157 ut
992 4090 1061 4180 lupi
1090 4110 1168 4156 oves
1190 4086 1360 4168 devorent,
1405 4093 1435 4154 et

149 4187 264 4277 uulpes
286 4190 424 4276 gallinas
446 4193 583 4280 rapiant

235 4292 369 4361 Ovael
412 4293 546 4363 Ovae!
581 4298 676 4367 vobis
697 4300 858 4384 omnibus,
898 4303 954 4390 qui
975 4302 1071 4391 hujus
1107 4301 1185 4368 mali
1222 4324 1323 4370 causa
1341 4302 1433 4385 ,estin

151 4396 259 4463 sivos
281 4397 453 4467 adDeum
475 4423 540 4467 non
563 4407 797 4490 converteritis,
828 4415 948 4494 quanta
978 4405 1140 4474 horrenda
1171 4407 1239 4495 pati
1273 4415 1307 4474 et
1343 4407 1433 4475 susti·

150 4522 229 4567 nere
252 4500 422 4588 debebitis,
449 4529 509 4593 pro
532 4511 629 4574 tantis
650 4510 709 4576 toti
731 4509 957 4577 christianitati
991 4511 1238 4578 adversantibus
1262 4520 1296 4578 et
1326 4512 1433 4581 diabo

149 4605 222 4671 licis
240 4608 431 4693 mendaciis,
464 4612 520 4699 qui
542 4612 691 4681 diabolus
713 4639 734 4681 a
754 4616 917 4704 principio
938 4617 1082 4684 mendax
1110 4616 1173 4683 luit
1194 4623 1227 4683 et
1247 4617 1284 4683 in
1301 4622 1435 4686 veritate

148 4731 315 4799 nunquam
335 4715 696 4808 perstitit;.antsquam
709 4721 806 4787 enim
826 4719 1032 4790 mendacium
1054 4742 1154 4790 unum
1174 4741 1236 4810 per
1256 4744 1316 4792 vos
1347 4723 1434 4793 oleri·
