2948 5040
130 135 176 206 68

132 308 216 375 sicut
237 310 323 379 infra
344 310 489 404 dicetur:
512 317 609 397 atque
645 319 802 399 quantum
834 296 977 377 malitiae
1010 312 1045 375 in
1067 309 1134 377 illis
1156 311 1239 399 ipsis
1259 308 1426 392 haerebat,

129 415 165 481 in
198 414 280 480 alios
317 412 540 503 designabant,
573 414 718 481 volentes
752 424 788 480 nt
818 436 932 480 caesus
962 415 1117 481 intactum
1153 423 1270 503 portet.
1316 414 1427 504 Itaque

129 517 320 584 facillimum
342 520 407 584 illis
429 519 490 584 fuit
510 520 598 585 cives
622 541 696 585 suos
719 521 861 602 vincere,
896 527 927 583 et
963 519 1004 584 de
1027 519 1151 585 eisdem
1173 517 1334 600 seribere,
1358 542 1427 587 cnm

130 624 219 689 cives
242 622 283 687 de
305 624 390 689 malo
412 646 477 690 non
500 623 726 709 cogitaverint,
750 645 855 711 neque
877 622 967 687 fraus
989 622 1057 689 illis
1079 626 1193 708 inerat,
1217 646 1305 714 quae
1323 625 1428 690 omnia

130 725 289 812 lucidius,
313 728 389 794 dum
412 728 455 794 ad
488 750 557 793 rem
588 729 784 811 venerimus,
818 727 1134 798 demonstrabuntur.
1177 729 1223 794 Et
1245 729 1335 795 sicut
1356 728 1428 794 Pra-

129 852 246 919 genses
277 831 398 916 dicunt,
433 832 520 920 quod
554 832 674 897 malurn
707 831 947 921 impediverint,
978 831 1170 916 resistendo,
1194 833 1292 921 quasi
1313 831 1428 920 aliquis

130 943 242 1002 contra
262 936 412 1003 umbram
434 959 470 1002 se
493 936 692 1020 defenderet,
716 937 751 1001 in
775 958 838 1024 qua
860 935 949 1000 nulla
979 935 1076 1000 realis
1098 937 1220 1003 veritas
1242 935 1352 1020 adest,
1375 935 1428 1002 sed

129 1040 234 1108 solum
256 1041 433 1109 similitudo
456 1043 592 1109 aetionis
614 1049 821 1121 monstratur,
834 1049 902 1106 tum
924 1041 1022 1106 etiam
1045 1040 1153 1106 nullus
1176 1041 1248 1124 fuit,
1273 1041 1334 1129 qui
1357 1062 1427 1107 con·

127 1145 310 1230 tradiceret,
334 1148 411 1234 quia
430 1169 552 1234 poenas
575 1147 689 1212 timere
713 1144 888 1228 debuisset,
914 1153 953 1210 et
972 1145 1197 1232 expulsionem
1221 1143 1263 1211 de
1288 1144 1427 1229 civitate,

130 1251 214 1315 sicut
236 1250 355 1316 deinde
376 1250 569 1338 quibusdam
592 1251 626 1316 id
648 1251 769 1317 factum
791 1250 860 1335 fuit,
884 1259 939 1316 aut
961 1250 1269 1335 incarcerationem,
1293 1260 1354 1318 aut
1375 1251 1430 1317 din

127 1353 262 1440 pejora).
306 1353 450 1442 Ideoque
471 1355 606 1420 Vestras
630 1357 762 1440 gratias,
786 1362 819 1418 et
839 1377 899 1420 vos
921 1376 1083 1440 rogamus,
1115 1357 1251 1443 siquae
1285 1355 1356 1423 aliu
1376 1378 1425 1422 no·

128 1457 199 1522 titia
222 1457 262 1522 de
285 1458 347 1523 hoe
371 1459 509 1525 tumultu
545 1461 734 1547 praecessit,
756 1467 815 1524 aut
846 1459 928 1523 forte
951 1458 1059 1524 adhue
1081 1458 1123 1523 ad
1146 1460 1270 1546 gratias
1294 1467 1427 1542 vestras,

128 1569 183 1626 aut
203 1584 262 1628 vos
284 1566 480 1650 perveniret,
506 1574 538 1628 et
559 1564 654 1629 aliter
675 1565 903 1642 insinuaretur,
935 1587 1032 1652 quam
1066 1586 1126 1629 nos
1149 1563 1264 1650 gratiis
1303 1562 1426 1631 Vestris

130 1664 312 1749 scribimus,
349 1677 385 1732 ut
419 1667 578 1733 similibus
598 1668 721 1734 locum
743 1668 821 1733 dare
844 1691 910 1734 non
932 1668 1124 1754 dignemini,
1147 1689 1254 1754 neque
1278 1668 1427 1752 credatis,

129 1769 215 1859 quod
238 1793 335 1837 causa
358 1771 422 1836 alia
444 1772 540 1858 hujus
564 1781 658 1855 esset,
682 1795 779 1859 quam
803 1772 874 1853 boo,
899 1772 984 1861 quod
1008 1795 1067 1838 nos
1092 1773 1281 1840 scribimus.
1310 1774 1427 1840 Datum

129 1874 256 1961 Pragae
279 1885 339 1941 etc.
362 1898 447 1941 anno
473 1875 642 1959 1521111
677 1879 789 1942 martis
813 1878 847 1941 in
880 1877 994 1964 vigilia
1024 1878 1128 1944 sancti
1150 1879 1327 1947 Laurentii
1349 1903 1427 1947 mar·

129 1979 221 2067 tyris,

213 2083 333 2150 Mirum
356 2084 453 2152 valde
477 2094 535 2168 est,
560 2085 646 2172 quod
669 2108 689 2150 a
711 2086 873 2173 principio
906 2086 1022 2151 harum
1055 2085 1236 2152 litterarum
1260 2110 1371 2178 usque
1392 2088 1428 2155 sd

127 2188 224 2255 finem
248 2190 344 2256 timor
365 2190 453 2278 apud
474 2190 657 2274 Pragenscs
680 2191 877 2276 apparuerit,
902 2213 943 2255 ne
966 2190 1030 2256 illis
1054 2191 1089 2255 in
1112 2190 1162 2255 his
1185 2190 1271 2258 fides
1296 2216 1367 2260 non
1377 2193 1427 2260 ad·

130 2293 288 2375 hibeatur,
312 2295 447 2359 nimium
470 2294 511 2358 de
535 2295 596 2360 hoo
620 2295 760 2377 solliciti,
783 2303 819 2359 ut
840 2295 924 2360 aliae
951 2295 1085 2360 notitiae
1105 2297 1257 2385 scriptae,
1285 2299 1429 2386 exceptis

131 2398 208 2480 suis,
235 2420 272 2463 eo
309 2421 374 2464 non
408 2397 611 2484 deferantur3
658 2399 854 2487 superfluum
886 2402 972 2465 enim
1007 2409 1038 2465 et
1070 2401 1301 2466 inconsuetum
1326 2412 1376 2469 est
1395 2401 1430 2469 de

130 2501 249 2567 talibus
271 2501 368 2567 rebus
392 2501 570 2586 sollicitari,
593 2526 666 2567 cnm
689 2503 742 2568 hic
765 2504 844 2569 ordo
876 2513 1023 2570 servetur
1045 2528 1065 2569 a
1091 2507 1252 2594 principio
1289 2508 1430 2573 omnium

129 2607 249 2670 rituum
271 2604 484 2672 humanorum
505 2607 668 2684 fundatus,
692 2607 779 2694 quod
801 2610 951 2695 personis
974 2610 1163 2692 aestimatis,
1188 2618 1220 2674 61
1242 2611 1279 2674 in
1313 2611 1429 2678 honore

131 2712 333 2776 conservatis
371 2714 459 2777 omni
494 2713 693 2800 exceptione,
721 2712 908 2800 majoribus,
940 2715 1133 2799 praesertim
1156 2713 1333 2781 ordinibus
1359 2717 1428 2783 eivi-

131 2819 215 2901 tatis,
239 2820 381 2883 maxime
404 2839 481 2882 vero
504 2819 538 2881 in
561 2839 662 2902 regno
685 2817 863 2882 Bohemiae
894 2817 935 2882 de
960 2826 1046 2882 statu
1077 2818 1166 2884 civili
1200 2821 1335 2887 senatui
1357 2822 1426 2887 Pra-

130 2923 234 3011 gensi,
258 2944 369 2987 eorum
392 2923 495 2987 literis
520 2931 551 2986 et
575 2921 690 3007 sigillis
715 2923 785 2986 sine
821 2923 908 2987 omni
944 2923 1137 3009 exceptione
1169 2944 1303 3010 semper
1327 2925 1425 2992 eredi-

130 3039 197 3092 tum
219 3026 330 3092 fuerit..
371 3026 438 3093 Cur
459 3050 537 3113 ergo
560 3026 641 3093 haec
663 3029 760 3094 modo
784 3038 930 3115 egerunt,
966 3028 1006 3093 de
1037 3028 1088 3094 his
1112 3029 1271 3096 solliciti?
1318 3033 1425 3100 Facile

131 3133 237 3220 quivis
260 3132 323 3197 sibi
344 3133 516 3217 imaginari
539 3141 654 3218 potest.
697 3135 873 3221 Postquam
896 3157 973 3219 ergo
997 3134 1078 3199 tales
1111 3134 1236 3200 litteras
1262 3137 1424 3205 confectas

129 3238 304 3319 misissent,
327 3246 394 3301 tum
425 3237 528 3322 primo
566 3247 641 3324 post
674 3237 797 3324 aliquot
819 3237 889 3302 dies
914 3247 1129 3303 convocantes
1162 3244 1425 3310 communitatem

129 3349 238 3418 totam,
260 3341 369 3406 literas
393 3342 451 3405 has
475 3351 506 3406 et
537 3343 691 3429 scripturn
730 3346 777 3407 eis
808 3343 1066 3426 manifestarunt,
1098 3343 1217 3408 famam
1242 3348 1424 3413 emittentes

129 3443 260 3531 ubique,
285 3455 317 3510 61
338 3444 474 3510 insidias
498 3446 712 3532 explicantes,
733 3446 820 3534 quod
842 3447 896 3511 isti
919 3446 1080 3511 voluerint
1102 3456 1270 3514 senatores
1296 3452 1423 3540 captivi,

133 3558 261 3615 etcum
301 3549 423 3614 eisdem
447 3551 502 3615 alii
540 3552 633 3616 multi
667 3553 755 3617 cives
777 3550 945 3616 Pickharti
976 3551 1066 3630 dicti,
1088 3552 1231 3637 maritos,
1254 3577 1379 3622 uxores
1398 3563 1424 3620 et

128 3657 237 3747 proles
259 3658 449 3722 interficere.
493 3657 566 3723 Hoc
589 3657 665 3722 dum
687 3655 802 3721 fnisset
817 3656 857 3720 ad
875 3657 1137 3723 communitatem
1153 3657 1312 3744 delatum,
1335 3659 1423 3727 valde

130 3763 192 3827 hac
215 3763 255 3828 de
269 3785 304 3828 re
328 3761 618 3850 conquerebantur,
642 3763 702 3827 etsi
720 3760 952 3848 praecedenter
964 3765 1049 3828 inter
1064 3764 1152 3850 ipsos
1165 3782 1287 3848 magna
1299 3765 1424 3833 fuerunt

131 3865 279 3950 dissidia,
314 3866 414 3933 multo
449 3866 553 3953 magis
577 3865 696 3932 deinde
736 3874 848 3930 contra
881 3868 1023 3933 invicem
1057 3865 1420 3963 exace1¹babantur,ju-

130 3969 276 4039 dicantes
296 3993 376 4038 vera
398 3994 480 4056 esse,
510 3971 551 4036 de
580 3971 697 4059 quibus
727 3992 836 4035 rumor
857 3970 1079 4037 invalescebat
1100 3972 1184 4035 inter
1207 3970 1295 4039 illos.
