2948 5040
147 147 211 231 ¹1²

112 329 115 335 '
142 323 330 391 renitenties
351 322 402 389 his
425 322 593 411 oppositas
624 319 756 408 quidam
775 313 955 399 tacuerunt,
989 327 1022 387 et
1053 320 1152 389 linem
1174 323 1437 412 qualemcunque

144 426 341 493 eteventum
357 434 596 514 exspectarunt,
619 446 693 490 cum
714 424 852 511 amplius
875 425 1026 490 resistere
1048 447 1114 491 non
1135 420 1309 514 potuerint,
1332 426 1438 502 donec

74 512 83 522 ⁵
144 530 270 597 adhoc
293 530 486 612 devenisset,
518 529 606 616 quod
627 527 702 594 illos
731 529 883 614 princeps
907 549 945 593 eo
967 529 1175 615 persuaserit,
1211 539 1250 595 ut
1271 529 1326 595 vel
1350 538 1438 595 taee-

144 643 212 703 ant
226 644 282 701 aut
310 655 503 701 consensum
536 633 722 721 praebeant
758 631 832 697 Hoc
864 640 973 697 autem
1008 633 1172 723 silentium
1192 655 1251 720 pro
1274 655 1439 701 consensu

143 739 324 826 assumpsit,
348 761 422 804 cum
436 760 554 826 nempe
571 761 644 804 cum
656 736 876 823 Pragsnsibus
898 737 960 802 boc
974 730 1041 824 'pro
1056 760 1093 803 re
1114 732 1259 825 perfecta
1280 746 1314 803 et
1334 745 1437 830 trans·

142 851 224 918 acta,
247 864 286 907 ac
314 851 404 907 recto
427 864 592 907 consensu
611 840 707 906 simul
741 850 773 905 et
793 863 853 926 pro
876 840 1029 906 concluso
1062 843 1264 907 comitiorum
1287 841 1439 909 habuerit

144 957 176 1011 et
199 947 380 1034 sumpserit.
426 945 521 1027 Quod
543 956 651 1011 autem
673 944 753 1011 alias
775 946 872 1039 urbes
895 948 1018 1029 attinet,
1042 968 1100 1011 seu
1121 946 1290 1032 ablegatos
1314 969 1436 1030 earnm,
1461 1006 1466 1011 .

142 1048 311 1117 hischino
332 1050 409 1115 inde
431 1050 593 1116 vertentes
616 1050 832 1132 nesciverunt,
856 1071 939 1138 quae
960 1071 1059 1136 agere
1078 1050 1226 1118 debeant.
1271 1050 1435 1139 Princeps

99 1163 252 1253 :lautam
280 1156 352 1243 jam
380 1156 470 1245 prius
503 1155 656 1242 providit,
700 1177 742 1219 ne
774 1154 858 1221 ullus
894 1176 1005 1220 eorum
1041 1177 1115 1219 cum
1144 1154 1275 1221 domino
1308 1155 1437 1222 «Ioanne

145 1258 279 1325 Hlawsa
300 1282 359 1347 pro
393 1269 471 1324 tunc
505 1260 611 1325 adhuc
638 1258 752 1347 judice
786 1259 878 1325 aulae
916 1268 948 1324 et
969 1257 1104 1326 Nicolao
1128 1257 1259 1325 Seborff
1277 1281 1339 1347 pro
1363 1269 1438 1327 tunc

144 1364 180 1427 in
201 1385 277 1427 arce
298 1362 525 1449 praesentibus
548 1365 690 1452 colloqui
722 1365 858 1453 possint,
896 1366 1014 1429 timens
1036 1365 1118 1429 ha'ec
1139 1364 1203 1428 duo
1233 1365 1345 1451 capita
1376 1386 1437 1430 non

145 1464 228 1532 adeo
252 1467 371 1552 exigua
401 1476 433 1532 et
453 1477 628 1557 postrema,
661 1491 704 1534 ne
735 1491 808 1534 cum
844 1468 1037 1535 consiliariis
1071 1471 1137 1541 suis
1170 1467 1437 1555 impedimentum

144 1569 307 1656 quoddam
327 1573 362 1636 in
384 1571 434 1638 bis
459 1582 602 1638 causent.
647 1573 692 1638 Et
714 1577 742 1638 si
765 1573 836 1660 quis
860 1595 933 1638 cum
954 1573 1077 1639 eisdem
1103 1571 1306 1660 loquebatur,
1341 1585 1435 1660 prout

142 1674 355 1765 Zatecenses·
372 1685 405 1740 et
434 1676 500 1759 alii,
538 1678 624 1744 hunc
654 1677 831 1764 quemlibet
860 1699 974 1743 severe
1008 1678 1217 1765 compescuit,
1250 1676 1435 1743 nescientes

144 1777 262 1866 itaque,
285 1800 348 1865 quo
371 1802 406 1844 se
429 1791 557 1846 vertere
580 1781 730 1860 debeant,
754 1780 936 1847 debuerunt
958 1781 1089 1869 quidam
1112 1803 1185 1869 cum
1214 1782 1435 1867 Pragensibus

144 1881 271 1948 dicere:
295 1882 410 1952 Amen.
456 1887 521 1952 Sed
544 1910 609 1952 non
632 1910 687 1952 ore
710 1910 777 1952 suo.
823 1887 907 1957 Nam
929 1888 996 1973 qui
1018 1887 1111 1951 alteri
1132 1885 1234 1952 invito
1253 1885 1372 1951 cibum
1392 1888 1440 1975 in·¹

143 1996 270 2074 gratum
291 1989 326 2054 vi
346 1992 511 2057 intrudere
535 1992 604 2057 vult
636 2000 696 2057 aut
725 1991 870 2074 intrudit,
904 1990 1081 2065 difficulter,
1099 1989 1218 2055 deinde
1247 1988 1337 2055 bunc
1373 1991 1435 2073 ille,

145 2092 197 2157 cui
230 2092 413 2179 intruditur,
437 2097 507 2187 sine
540 2089 663 2162 vomitu
696 2095 829 2182 digeret.
890 2094 1037 2159 Tandem
1070 2095 1222 2181 princeps
1267 2095 1436 2167 ,constitnit

143 2199 296 2266 relatores
319 2197 433 2263 horum
456 2190 659 2265 comitiorum
680 2221 739 2286 pro
762 2198 854 2283 regni
877 2198 995 2263 tabulis
1017 2199 1142 2263 ratione
1165 2198 1261 2285 hujus
1278 2199 1433 2281 conclusi,

143 2311 253 2390 utpote
290 2304 338 2368 rei
366 2303 570 2369 inordinatae
599 2303 642 2368 ob
672 2311 796 2388 partem
828 2303 1032 2384 contrariam,
1069 2311 1101 2367 et
1133 2301 1263 2389 quidem
1286 2301 1330 2366 de
1355 2311 1435 2369 statu

143 2407 355 2490 dominorum,
378 2407 544 2471 dominum
566 2407 727 2471 loannem
750 2405 791 2474 de
813 2405 1052 2492 Wartemberg,
1074 2427 1133 2492 pro
1151 2400 1437 2493 tunc'supremun

143 2509 384 2596 burggravium,
404 2519 452 2574 ,et
482 2511 524 2574 de
557 2519 640 2575 statu
671 2512 812 2597 equestri
843 2509 1007 2575 dominum
1037 2509 1215 2584 Henricum
1237 2509 1384 2589 Hloielr,
1402 2517 1428 2575 et

144 2616 292 2702 quamvis
312 2613 502 2680 relationem
539 2614 623 2680 banc
655 2614 835 2681 indebitam
868 2615 958 2680 adire
987 2615 1135 2680 reluctati
1157 2614 1299 2697 fuerint„
1326 2624 1430 2681 tamen

143 2721 247 2784 minas
269 2741 289 2783 a
309 2718 458 2806 principe
479 2728 612 2807 propter
633 2741 745 2806 regem
768 2719 879 2803 lactas,
911 2719 1090 2802 audientes,
1123 2718 1308 2810 debuerunt
1331 2741 1432 2786 reme·

144 2827 232 2894 dium
255 2825 399 2892 debitum
433 2832 466 2889 et
486 2823 692 2911 prudentiam
714 2824 880 2907 adhibere,
916 2831 948 2888 et
968 2824 1014 2887 ita
1036 2845 1071 2888 se
1088 2823 1185 2910 juxta
1217 2822 1429 2901 voluntatem,

144 2932 274 2998 nomine
303 2931 401 3016 regis,
435 2930 455 2992 a‘
483 2927 677 3015 quibusdam
715 2927 892 3015 expetitam
927 2949 1040 3013 gerere
1075 2937 1107 2993 et
1127 2926 1319 2992 relationem
1339 2929 1431 3016 juxta

144 3033 409 3101 consuetudinem
429 3031 472 3096 ad
493 3032 587 3117 regni
609 3030 734 3097 tabulas
758 3030 927 3119 expedire,
965 3031 1049 3097 bene
1072 3032 1221 3116 scientes,
1256 3031 1347 3120 quod
1369 3032 1436 3109 illa,

143 3136 321 3206 sicuttelae
334 3159 525 3204 araneorum
546 3137 727 3202 constantia
748 3138 854 3201 futura
876 3138 949 3201 sint.
972 3136 1085 3203 Totius
1108 3145 1215 3202 autem
1238 3136 1337 3224 hujus
1354 3146 1432 3202 trac·

143 3253 227 3310 tatus
251 3252 284 3310 et
305 3241 449 3310 conclusi
472 3242 673 3308 comitiorum
695 3241 774 3308 ordo
795 3242 831 3307 in
853 3240 1005 3307 clausulis
1028 3249 1060 3306 et
1081 3241 1191 3307 verbis
1223 3240 1433 3326 sequentibus

144 3349 335 3429 continetur.

705 3562 850 3631 CAPUT
872 3565 903 3629 4.

148 3710 208 3772 Ubi
232 3708 441 3770 describuntur
465 3710 586 3769 comitia
607 3710 709 3770 habita
731 3730 808 3770 anno
828 3705 951 3770 Domini
977 3705 1067 3764 1525.
1091 3702 1150 3763 Sed
1172 3724 1232 3766 non
1256 3706 1432 3785 adimpleta,

441 3817 496 3856 nec
519 3805 637 3858 servata
657 3799 687 3856 in
710 3797 842 3857 articulis
866 3793 1025 3856 ordinatim
1046 3792 1163 3868 positis.

230 3978 368 4045 Comitia
395 3981 591 4048 universalia
621 3982 656 4045 in
690 3981 816 4046 tabulas
848 3980 941 4065 regni
962 3980 1127 4065 inscripta,
1162 3997 1244 4063 quae
1268 3977 1434 4045 celebrata

144 4079 273 4147 fueram
295 4086 381 4150 circa
414 4086 501 4151 diem
524 4087 747 4151 conversionis
784 4084 817 4150 S.
840 4082 933 4148 Pauli
971 4085 1005 4147 in
1042 4104 1116 4147 arce
1150 4081 1308 4167 Pragensi
1348 4104 1433 4149 anno

144 4182 267 4251 domini
291 4188 374 4255 1525
398 4199 459 4254 etc.

228 4288 320 4376 Item,
344 4293 430 4381 quod
453 4294 621 4358 concernit
652 4291 823 4357 articulum
857 4290 953 4373 bunc,
986 4288 1045 4354 ubi
1066 4289 1132 4356 Sua
1153 4287 1310 4375 Majestas
1332 4286 1435 4375 Regia

66 4418 69 4422 ·
144 4388 295 4478 dignatur
316 4418 375 4460 nos
409 4395 510 4461 laicos
547 4404 579 4461 et
602 4395 733 4479 clerum,
766 4404 863 4480 atque
886 4394 932 4457 ita
953 4415 1066 4458 omnes
1098 4401 1199 4457 status
1222 4390 1320 4476 hujus
1341 4391 1435 4479 regni

143 4494 319 4564 Bohcmiae
341 4499 528 4583 admonere,
548 4508 584 4564 nt
605 4509 738 4588 propter
754 4510 962 4585 augmentum
978 4507 1010 4562 et
1026 4497 1307 4562 conservationem
1321 4516 1436 4562 sacras

141 4598 218 4665 fidei
240 4603 434 4668 christianae
464 4605 563 4691 juxta
598 4614 800 4692 compactata
820 4605 856 4668 in
879 4602 995 4668 bonam
1018 4600 1233 4682 concordiam,
1280 4619 1435 4683 amorem,

141 4706 282 4790 gratiam
304 4715 337 4774 et
357 4707 511 4775 amonem
542 4708 700 4799 ineamus.
744 4707 817 4775 Tali
838 4708 948 4796 itaque
968 4705 1065 4773 modo
1086 4703 1291 4772 dominorum
1321 4713 1435 4789 status,
