2880 5070
1152 153 1223 247 au

83 317 210 388 civero
246 317 328 386 alios
362 317 694 405 Vetere-Pregenses
727 318 841 384 exules
875 321 1052 406 concernit,
1083 324 1229 392 nomina·

83 422 293 492 tholomaeum
316 421 469 506 scribam,
494 421 726 494 Weneeslaum
737 421 883 507 Trubka,
905 423 1068 514 Joannem
1079 427 1231 506 Valente,

83 548 94 591 u
113 527 318 612 aurifabrum,
342 527 522 615 Georgium
544 527 586 593 de
615 527 724 593 media
759 535 840 612 rota,
877 527 991 599 Vitum
1012 531 1142 599 fabrum
1163 531 1232 598 cul·

108 642 141 700 et
171 632 303 701 Gallum
340 633 382 699 ab
424 641 583 720 argentea
620 654 711 718 rosa3
751 632 884 698 tandem
921 634 1035 703 Vitum
1072 619 1229 729 dipechy,

83 735 222 825 rZiaby,
258 735 438 823 Georgium
460 735 573 802 Turek
606 746 773 820 sartorem,
804 735 966 813 Jacchum
995 739 1230 832 bibliopegam,

83 860 150 906 rem
169 839 298 908 fabrum
322 841 496 907 serarrium'
519 841 562 907 dc
584 841 696 908 Knin:
720 840 755 907 hi
788 841 887 907 etiam
919 845 1009 911 citati
1042 845 1175 914 fuerunt
1194 849 1230 914 in

84 943 137 1011 nb
157 944 284 1012 initium
309 945 580 1034 quadragesimae
613 944 656 1011 ad
690 952 838 1011 senatum
873 954 906 1012 et
937 947 1229 1036 administratores,

83 1055 181 1117 tores
202 1073 223 1117 a
243 1073 323 1138 rege
345 1053 546 1136 constitutos,
569 1058 602 1119 et
623 1050 666 1119 ad
688 1048 845 1140 quosdam
869 1052 1012 1120 seniores
1046 1062 1229 1127 communi·

83 1155 84 1163 ’
141 1178 215 1243 ergo
238 1155 449 1222 mediatores
486 1158 715 1244 suprascriptis
746 1156 969 1246 quaestionem
990 1174 1230 1249 proposuerunt

83 1268 161 1344 snt,
193 1260 273 1346 quid
306 1269 420 1328 contra
453 1262 719 1345 communitatem
740 1263 941 1351 Pragensem
963 1267 1229 1351 conquerendum

83 1371 137 1430 et
155 1365 196 1432 cb
219 1387 317 1454 quam
339 1387 472 1432 cansam
494 1387 550 1432 ecs
572 1364 615 1436 ad
637 1382 751 1454 regem
773 1369 867 1435 citari
897 1367 1060 1434 fecerint?
1081 1369 1228 1461 Respon-

83 1463 121 1550 ἱ,
148 1469 233 1558 quod
255 1479 389 1561 propter
409 1469 578 1540 literarum
616 1493 676 1559 per
708 1462 847 1560 regnum
871 1473 1062 1540 missionem
1098 1483 1130 1542 et
1163 1476 1228 1546 dis·

83 1588 141 1638 m
160 1584 193 1641 et
214 1575 263 1641 sic
285 1575 433 1660 ulterius,
459 1577 544 1644 sicut
566 1598 665 1665 supra
686 1576 924 1668 apudpriores
946 1596 1103 1668 personas
1115 1581 1229 1650 exules

88 1675 183 1746 fuit.
228 1679 377 1746 Tandem
407 1681 474 1760 illis
507 1680 640 1762 dictum,
678 1681 766 1770 quod
789 1682 888 1749 etiam
909 1681 934 1748 ii
957 1685 1149 1770 gravamina
1170 1709 1230 1754 sna

83 1795 140 1848 oa
157 1783 324 1850 insinuare
348 1783 498 1870 debeant,
535 1795 779 1874 posueruntque
813 1786 890 1853 illis
910 1788 1084 1863 terminum
1106 1790 1230 1858 ad'ali·

83 1895 112 1960 Ιν,
140 1885 238 1954 donec
262 1888 371 1955 denuc
396 1890 487 1970 citati
511 1890 645 1957 fuerint
674 1891 764 1956 Dein
785 1891 902 1956 iterum
923 1891 1021 1980 paulu
1043 1903 1118 1980 post
1139 1897 1229 1961 citati

83 1989 266 2059 autsimul
287 1993 330 2061 ab
352 1996 495 2062 invicem
524 1995 596 2080 jam
631 1996 774 2084 separati
806 2003 891 2083 sunt,
919 2016 1037 2083 nempe
1058 1995 1229 2080 Bartholo-

85 2093 179 2182 riba,
201 2097 420 2165 Wenccslaus
454 2097 600 2185 Trubha,
633 2098 779 2171 Joannes
811 2098 960 2183 Valente,
993 2098 1138 2195 Joannes
1173 2125 1229 2170 au·

100 2195 267 2289 Georgius
300 2203 342 2270 de
378 2205 488 2271 media
520 2213 612 2272 rota·
626 2213 660 2272 et
695 2204 810 2273 Gallus
831 2203 874 2271 ab
896 2211 1052 2291 argentea
1072 2224 1166 2289 rosa,
1188 2228 1228 2272 ac

83 2312 140 2372 ’er
160 2306 345 2392 cultrarius,
368 2311 424 2397 qui
447 2311 599 2376 stiterunt
609 2331 719 2376 coram
733 2307 867 2394 eisdem,
890 2317 927 2375 ut
947 2317 1032 2393 ante,
1056 2310 1226 2399 quosallo·

83 2416 155 2495 nrt,
178 2411 359 2496 quemlibet
380 2414 518 2479 seorsim
540 2413 600 2480 sub
616 2415 755 2480 ¹nomine
779 2411 939 2501 querelae
972 2413 1083 2482 Primo
1105 2414 1226 2482 dictum

83 2498 110 2575 lo
143 2515 186 2581 dc
218 2539 303 2600 rosa,
335 2510 422 2604 quod
444 2517 632 2606 Litomyslii
654 2517 760 2599 fuerit,
783 2516 840 2583 ubi
860 2516 977 2584 fratres
999 2506 1158 2598 habitant,
1195 2528 1229 2588 et

83 2614 114 2681 tit
142 2622 347 2689 sacerdotem
368 2623 545 2690 Martinum
569 2644 612 2689 cx
633 2621 843 2705 Bethlehem,
857 2676 864 2685 ,
878 2638 952 2686 cnm
973 2621 1124 2694 omnibus
1145 2623 1228 2690 aliis.

83 2721 345 2794 =Bartholomaeo
366 2728 531 2807 dixerunt,
553 2725 639 2813 qnod
661 2724 801 2794 voluerit
820 2723 1117 2794 reforma-etima
1146 2727 1230 2799 chri·

92 2840 135 2905 et*
150 2831 261 2898 adhuc
297 2854 362 2898 ncn
400 2833 545 2900 desistat
600 2830 795 2899 Wenceslac
828 2828 964 2912 [Prubha
997 2839 1228 2921 opposuerunt,

83 2935 174 3021 sisse,
198 2958 234 3003 se
255 2937 341 3005 velle
363 2939 471 3025 potuis
493 2957 609 3003 canem
642 2957 725 3019 esse,
748 2957 845 3024 quam
868 2933 910 3000 de
931 2933 1061 3001 illorum
1082 2935 1148 3002 fide
1168 2958 1229 3025 per

83 3041 258 3129 excogitata
280 3042 420 3109 atficta.
464 3041 608 3129 Georgio
631 3063 710 3108 vero
733 3063 753 3106 a
773 3039 883 3106 media
904 3048 986 3124 rota,
1008 3059 1083 3105 eum
1106 3039 1229 3107 habere

83 3147 370 3232 concionatricem,
394 3170 475 3236 quas
498 3147 673 3216 conciones
697 3145 830 3214 dicebat
854 3145 899 3216 ,in
922 3143 1084 3230 domibus,
1120 3152 1229 3219 sac'er·

83 3275 87 3313 ;
121 3251 382 3320 concionatorem
417 3275 530 3341 agens,
553 3252 609 3325 ille
631 3274 710 3320 vero
733 3251 821 3341 quod
843 3273 914 3316 eam
936 3249 979 3316 de
1002 3248 1053 3315 his
1084 3270 1150 3335 non
1172 3247 1228 3315 ad·

83 3380 96 3420 u
120 3354 345 3423 Addoannem
358 3357 507 3443 Valente,
527 3356 613 3446 quod
637 3365 768 3423 secutus
786 3356 886 3422 luerit
908 3353 1111 3420 sacerdotem
1131 3352 1230 3422 Joan·

83 3462 133 3524 :ui
167 3459 310 3546 exulem,
347 3463 483 3550 ejusque
516 3460 697 3550 discipulus
735 3459 844 3526 fuerit.
888 3457 942 3523 Ad
978 3457 1139 3525 Jcannem
1171 3476 1230 3523 au·

111 3586 201 3650 vero,
224 3565 311 3653 quod
333 3567 436 3631 rixari
467 3573 600 3653 propter
621 3564 720 3630 fidem
741 3563 891 3631 voluerit.
938 3561 1014 3629 Vito
1044 3560 1138 3627 fabro
1161 3559 1228 3626 cul-

83 3689 146 3751 ero,
179 3667 454 3758 quod-prolessus
491 3668 590 3751 fuerit
622 3667 789 3757 Christum
823 3667 967 3735 essentia
1000 3688 1059 3744 sua
1092 3663 1232 3748 naturali

83 3795 93 3837 r
129 3794 213 3856 esse,
236 3794 333 3860 quam
355 3795 375 3838 a
397 3772 523 3839 dextris
545 3772 611 3840 Dei
632 3772 758 3859 Patris3
781 3770 864 3838 haec
885 3769 1055 3853 addentes,
1079 3768 1167 3856 quod
1188 3769 1231 3838 ob

83 3898 124 3942 as
148 3876 214 3960 sint
235 3879 378 3965 suspecti
399 3879 435 3943 in
455 3877 520 3944 fide
543 3886 575 3944 et
595 3888 770 3966 propterea
792 3898 836 3942 ex
850 3874 932 3942 urbe
944 3874 1082 3962 relegati
1098 3874 1230 3942 fuerint.

84 4001 185 4046 causa
207 3982 236 4047 si
257 3982 292 4047 in
315 3982 453 4069 collegio
476 4004 584 4049 coram
615 3981 877 4048 administratore
914 4002 1103 4068 comparere
1128 3979 1232 4047 velint

98 4084 254 4173 profiteri,
277 4109 318 4154 ac
340 4090 414 4153 ciam
436 4088 503 4155 illis
526 4089 561 4154 in
583 4084 733 4153 omnibus
756 4085 964 4169 concordari,
987 4083 1076 4179 quod
1098 4083 1231 4151 tandem

83 4210 95 4252 1
132 4187 175 4256 ab
207 4190 471 4258 administratore
504 4191 620 4258 horum
658 4191 777 4258 notitia
798 4190 875 4255 data
899 4189 1006 4272 fuerit,
1029 4187 1089 4255 has
1111 4186 1233 4255 discor-

83 4314 130 4372 rre
165 4303 198 4360 et
219 4295 262 4361 ad
274 4296 382 4363 'finem
413 4296 594 4388 perducere
621 4295 733 4362 velint
777 4294 857 4361 Post
888 4292 970 4360 haec
993 4288 1070 4362 dum
1093 4291 1136 4359 ad
1156 4313 1233 4380 pro-

83 4398 248 4486 spondere
280 4402 477 4486 voluissent,
520 4410 653 4468 senatus
676 4420 788 4466 eorum
821 4419 1016 4487 responsum
1048 4395 1232 4484 interrupit,

83 4552 86 4574 ,
121 4512 172 4588 ut,
205 4505 234 4571 si
266 4505 387 4590 velint,
420 4507 597 4595 propositis
636 4504 847 4572 satisfaciant.
868 4501 946 4600 ‚Illi
977 4499 1233 4586 considerantes,

83 4630 199 4696 nquam
222 4612 257 4676 in
289 4634 365 4698 unc,
387 4633 449 4679 nec
470 4613 505 4677 in
528 4612 632 4678 altero
659 4609 782 4697 culpati
799 4608 946 4693 inerint,
968 4605 1099 4673 interim
1124 4614 1234 4669 tamen

83 4736 111 4780 m
133 4714 266 4806 ipsimet
286 4739 353 4787 non
371 4715 566 4808 praebeant,
597 4733 658 4808 per
680 4735 779 4806 quam
800 4711 863 4783 iiia
890 4709 1072 4780 transactio
1105 4706 1233 4775 canthi·
