2948 5040
136 319 223 387 oiroa
239 316 496 409 Kuttenbergsm
519 327 599 389 tuno
620 335 791 387 numerare
812 315 991 405 debuisset,
1011 326 1137 389 eanum
1156 323 1223 403 est,
1239 313 1340 407 qaod.
1351 314 1425 387 talis

135 444 286 490 numerus
309 423 543 491 cumomnibns
576 427 611 490 in
632 420 818 490 diversoriis
840 424 998 491 contentis
1022 432 1055 491 et
1076 420 1302 513 praesentibus
1319 421 1428 511 eqniq.

136 548 216 615 quos
237 526 487 615 diligentertum
508 526 601 595 multi
622 537 882 611 numeraverunt,
905 549 971 593 non
991 529 1200 611 inveniretur,
1210 547 1293 615 quse
1315 527 1426 614 itaquo

134 628 229 711 dixit,
247 641 375 720 reperta
396 654 462 700 non
484 642 565 700 sunt.
616 630 703 714 Quid
731 640 840 700 autem
860 632 939 701 Lew
960 631 1096 724 perinde
1123 629 1311 715 intenderit,
1335 629 1425 699 intel·

20 772 24 778 ·
134 736 236 803 lectus
268 735 426 809 humanus
447 736 543 806 facile
564 737 732 825 percipere
753 744 869 827 potest

217 839 365 931 Tumwe
385 841 482 935 plane
496 840 685 909 mandatum
703 839 764 908 init
784 840 923 930 principi
935 839 1053 907 Oarolo
1075 837 1205 909 colinii·
1218 838 1254 909 in
1276 839 1352 928 ojus
1368 836 1432 931 ,ao-

132 951 264 1014 ventua
286 944 573 1021 dominisnnntiis
592 967 649 1014 sen
673 944 843 1034 ablegatis,
864 955 902 1013 ut
921 944 987 1013 illis
1008 943 1254 1032 Kuttenbergae
1274 943 1434 1026 manat

132 1048 539 1120 onmsodixsrinttantnm
559 1070 729 1119 numerum
751 1041 916 1140 'equorum
936 1049 1073 1128 habers,
1089 1049 1117 1116 si
1129 1048 1233 1117 velint
1253 1048 1291 1141 in·
1311 1045 1429 1119 minori

132 1177 263 1223 numero
296 1155 452 1247 quosdam
484 1153 526 1223 do
558 1154 666 1224 medio
696 1176 754 1223 suo
776 1152 938 1225 uolinium
959 1154 1096 1240 mittere,
1118 1162 1161 1222 ut·
1175 1153 1328 1239 mitmnt3
1355 1174 1428 1221 orm

135 1282 212 1329 vero
234 1259 491 1350 Kuttenbergam
513 1259 697 1353 redivisset,
719 1259 866 1331 obviavit
887 1262 934 1329 sis
956 1259 1179 1350 omnibusjam
1201 1258 1450 1348 Kuttenberga·.

132 1367 335 1436 exeuntibus.
392 1367 456 1435 Hic
483 1389 561 1459 vero
589 1368 672 1435 mira
702 1390 755 1435 res
786 1367 912 1436 occulto
945 1367 1089 1455 contigit,
1112 1367 1159 1432 ita
1191 1365 1277 1455 quod
1316 1387 1426 1434 omnes

130 1470 388 1559 Kuttenbergam
420 1471 527 1541 denuo
576 1473 701 1542 reversi
735 1472 864 1558 fuerim,
899 1481 932 1539 ct
963 1471 1017 1540 vol
1053 1493 1097 1539 ex
1132 1471 1254 1542 timore
1284 1470 1426 1561 quodam

131 1585 187 1645 aut
207 1577 385 1666 petulantia
404 1577 526 1650 iactum
546 1577 616 1663 fuit,
640 1575 726 1666 quod
747 1598 860 1646 omnes
890 1576 1030 1667 dispersi
1066 1573 1253 1647 rediveriut
1298 1572 1424 1663 Eadem

132 1686 210 1750 vero'
240 1680 345 1750 adhue
378 1681 431 1750 die
453 1682 540 1751 circa
560 1703 714 1771 vesperas
736 1679 937 1751 advenerunt
971 1679 1103 1771 qnidam
1125 1679 1167 1748 ds
1188 1677 1355 1769 equitibus
1393 1687 1440 1775 ot.

134 1785 351 1874 Pragensibus
388 1785 550 1856 Oolinium
593 1788 716 1875 aliquot
746 1809 905 1877 personae
939 1797 971 1856 in
994 1789 1113 1875 exiguo
1142 1793 1422 1861 tamen-numeros

135 1890 358 1981 Kuttenberga
390 1894 490 1979 missi,
528 1895 738 1974 notificantes,
753 1885 842 1984 'quae
863 1894 944 1982 ipsis
965 1894 1119 1984 princeps
1140 1889 1306 1978 obviando
1329 1891 1416 1963 loon·

134 2007 185 2064 tus
206 1995 314 2082 fuerit,
347 2019 403 2065 eos
423 1999 530 2068 redire
546 2000 677 2092 jubens,
700 2008 734 2067 et
754 1998 840 2089 quod
856 2001 954 2090 juxta
985 1982 1248 2066 informationem
1277 1995 1424 2085 ejusdem

17 2194 20 2199 .
132 2105 169 2171 in
207 2124 245 2170 eo
265 2125 366 2192 parvo
397 2127 531 2174 numero
561 2106 761 2191 adveniant3
799 2104 857 2173 sed
888 2105 1044 2196 princeps
1064 2105 1204 2192 ipsemet
1228 2092 1428 2173 iterum'hio

133 2218 288 2299 praesens
309 2209 361 2278 bis
383 2209 545 2299 ablegatis
566 2209 904 2299 Kuttenbergensibua
926 2211 1085 2301 quaedem
1108 2210 1196 2279 dieta
1221 2213 1370 2301 negavit,
1389 2219 1421 2278 et

133 2315 183 2383 ita.
200 2316 284 2383 sieut
304 2324 474 2394 venerunt,
497 2317 613 2384 iterum
635 2315 891 2402 Kutteubergam
913 2317 1038 2382 reversi
1061 2325 1145 2383 sunt
1203 2356 1209 2409 ‘.
1361 2363 1365 2369 -

156 2446 159 2450 ·
214 2417 361 2486 Tandem
376 2421 412 2485 in
424 2419 563 2487 crastino
586 2418 641 2487 die
655 2418 805 2486 sabbathi
821 2417 985 2508 (14.Apr.)
1000 2418 1159 2489 admoniti
1171 2406 1285 2489 rursus
1296 2421 1427 2491 fuerunt

131 2524 322 2611 Pragensos,
336 2526 526 2592 sicutantea
537 2547 557 2590 a
568 2523 718 2593 dominis
729 2523 855 2612 legatis,
878 2534 914 2590 ut
926 2523 1087 2594 Oolinium
1110 2527 1153 2593 ad
1170 2529 1426 2601 transactionem

132 2629 277 2696 veniant.
306 2626 358 2695 Illi
391 2649 470 2697 vero
502 2631 747 2718 rescripserunt,
779 2650 814 2695 se
849 2638 1054 2714 excusantes,
1076 2632 1164 2720 quod
1180 2633 1280 2722 juxta
1312 2631 1426 2703 literas

131 2733 239 2819 regias
262 2754 297 2799 se
319 2754 433 2820 gerere
454 2734 618 2803 voluerint
637 2744 670 2802 et
693 2733 857 2805 Oolinium
868 2733 1033 2820 advenire,
1049 2745 1267 2826 etpostquam
1285 2737 1426 2815 Kuttan·

131 2836 233 2925 berga
250 2838 321 2928 jam
351 2839 538 2922 exivissent,
576 2839 617 2906 ab
654 2838 808 2907 obviante
843 2840 991 2931 principe
1024 2839 1132 2907 redire
1158 2843 1244 2931 jussi
1290 2842 1424 2927 fuerunt

131 2941 260 3010 dicente
273 2964 348 3011 non
370 2965 442 3010 esse
464 2965 557 3032 opus,
580 2953 615 3013 ut
636 2946 671 3011 in
696 2953 787 3011 tanta
807 2946 902 3034 copia
923 2955 1070 3033 pergant,
1094 2955 1297 3034 exponentes
1313 2949 1429 3037 simul·

131 3045 300 3137 quomodo,
317 3048 346 3115 si
359 3045 402 3114 ad
416 3069 485 3114 rom
496 3049 653 3133 venerint,
663 3050 842 3136 transigere
853 3048 965 3134 velint,
978 3056 1010 3116 et
1019 3049 1199 3137 quodnihil
1210 3050 1335 3121 factum
1356 3052 1424 3125 fue.-

130 3154 182 3236 rit,
192 3151 279 3242 qnod
291 3161 377 3220 esset
388 3162 501 3224 contra
512 3152 652 3221 edietum
663 3153 798 3240 regium,
812 3174 875 3243 quo
889 3175 948 3244 pro
960 3154 1108 3223 tenebas
1122 3157 1426 3248 personaareleqari

130 3257 305 3341 mandavit,
327 3266 439 3325 contra
461 3256 547 3348 quod
567 3256 686 3325 deinde
708 3256 1016 3327 etclaremandavit
1036 3260 1330 3348 inliteriqnltimis,
1343 3256 1431 3354 quaa

41 3374 45 3379 '
132 3360 175 3428 ad
196 3368 343 3429 senatum
364 3361 497 3429 miserat
517 3362 552 3428 in
589 3360 643 3428 die
665 3360 1420 3455 §.Apolloniaepraeterito,1iuquehis.1ns

129 3467 177 3532 ris
195 3465 462 3555 praecedentibus
484 3464 671 3547 mandatum
694 3487 786 3532 suum
810 3465 1011 3556 subsequens
1020 3469 1251 3537 annihilaverit
1263 3478 1296 3553 et
1310 3469 1421 3543 inhoa

130 3591 166 3636 se
201 3569 418 3639 fimdaverint.
475 3570 617 3638 Ulterius
652 3564 885 3660 proponentes
905 3571 1071 3640 libertates
1104 3573 1262 3664 quasdam
1299 3592 1423 3659 eorum,

128 3695 170 3741 ne
205 3682 317 3742 contra
349 3674 421 3741 illas
454 3687 562 3763 agant,
597 3674 653 3742 ubi
684 3696 745 3743 nec
780 3675 843 3742 hoc
864 3698 923 3764 pro
945 3690 1135 3766 argumento
1168 3684 1291 3751 assumi
1316 3696 1424 3776 potest

130 3786 163 3843 et
184 3777 325 3867 probari,
356 3787 392 3845 nt
413 3780 572 3850 violenter
592 3788 717 3847 ‘contra
731 3781 918 3869 juramenta
951 3805 1009 3875 sua
1029 3785 1182 3873 injuriam
1208 3787 1341 3857 cuidam
1371 3793 1419 3859 in·

127 3883 213 3953 ferre
234 3882 402 3951 deberent.
427 3885 548 3972 Magna
571 3887 657 3952 enim
680 3894 730 3951 est
760 3884 932 3952 diversitas
975 3889 1060 3955 inter
1090 3899 1208 3958 statum
1240 3915 1422 3982 procerum,

130 3997 310 4079 equestrem
340 3997 372 4056 et
406 3989 546 4073 civilem,
581 3990 657 4077 quia
689 3997 790 4057 status
823 3989 1025 4060 dominorum
1060 4003 1092 4061 et
1125 3996 1270 4085 equitum
1300 3997 1367 4067 hoc.
1386 4002 1420 4069 in

128 4115 229 4182 regno
252 4093 455 4161 libertatibus
478 4094 530 4161 his
546 4096 617 4183 jam
639 4093 696 4160 diu
717 4092 892 4180 fruebatur,
915 4100 1063 4185 quamvis
1094 4099 1232 4168 subinde
1264 4123 1331 4169 non
1361 4127 1415 4173 so·

128 4199 196 4266 lum
220 4200 398 4267 secundum
414 4199 576 4289 justitiam
599 4197 744 4267 subditos
768 4221 843 4265 suos
857 4210 981 4287 regant,
1006 4225 1119 4271 verum
1131 4206 1229 4271 stiam
1240 4204 1415 4296 aliquando

127 4305 270 4372 abbatie
298 4313 444 4388 utonuu,
476 4302 562 4394 quod
592 4305 629 4373 in‘
656 4305 706 4371 his
736 4305 843 4373 nullus
876 4307 935 4387 eis,
965 4331 1027 4373 neo
1048 4309 1179 4398 quidem
1211 4333 1273 4380 rex
1295 4313 1411 4385 obesse

127 4411 236 4499 possit.
252 4431 313 4478 neo
335 4409 427 4478 obsit.
451 4408 560 4476 Status
583 4430 660 4478 vero
683 4410 789 4483 civilis
811 4433 884 4483 cum
899 4435 964 4479 non
988 4415 1052 4481 sint
1073 4404 1423 4501 dominibaereditaril

128 4538 258 4586 suorum
280 4519 473 4602 concivium,
508 4515 565 4584 aed
600 4540 713 4588 omnes
734 4519 865 4589 insimul
888 4525 921 4584 et
941 4518 1119 4608 aequaliter
1141 4519 1263 4595 subditi
1291 4521 1414 4598 domini

128 4646 185 4692 suo
207 4625 277 4711 regi
298 4623 526 4706 haereditario,
551 4631 589 4691 et¹
605 4632 737 4694 senatus
760 4624 795 4696 in
816 4624 1002 4698 civitatibus
1027 4646 1093 4697 aaa
1116 4625 1320 4701 sistamini
1343 4650 1425 4711 aaa,

119 4751 195 4796 ram
217 4730 412 4814 concivium,
436 4727 495 4797 sed
526 4727 691 4823 offleialao
716 4738 749 4799 at
781 4729 1038 4807 loeumteuontofl
1065 4729 1194 4805 muni.
1222 4733 1291 4817 sui,
1316 4735 1416 4819 atim
