<?xml version="1.0" encoding="UTF-8"?>
<!DOCTYPE html PUBLIC "-//W3C//DTD XHTML 1.0 Transitional//EN"
    "http://www.w3.org/TR/xhtml1/DTD/xhtml1-transitional.dtd">
<html xmlns="http://www.w3.org/1999/xhtml" xml:lang="en" lang="en">
 <head>
  <title>
</title>
<meta http-equiv="Content-Type" content="text/html;charset=utf-8" />
  <meta name='ocr-system' content='tesseract 3.04.00' />
  <meta name='ocr-capabilities' content='ocr_page ocr_carea ocr_par ocr_line ocrx_word'/>
</head>
<body>
  <div class='ocr_page' id='page_1' title='image "./desbartholomusv00bartgoog_0070.png"; bbox 0 0 2948 5040; ppageno 0'>
   <div class='ocr_carea' id='block_1_1' title="bbox 1312 138 1355 205">
    <p class='ocr_par' dir='ltr' id='par_1_1' title="bbox 1312 138 1355 205">
     <span class='ocr_line' id='line_1_1' title="bbox 1312 138 1355 205; baseline 0 0"><span class='ocrx_word' id='word_1_1' title='bbox 1312 138 1355 205; x_wconf 79' lang='lat' dir='ltr'><strong>4&#39;l</strong></span> 
     </span>
    </p>
   </div>
   <div class='ocr_carea' id='block_1_2' title="bbox 22 298 1360 4357">
    <p class='ocr_par' dir='ltr' id='par_1_2' title="bbox 22 298 1356 2165">
     <span class='ocr_line' id='line_1_2' title="bbox 59 298 1354 399; baseline 0.009 -34"><span class='ocrx_word' id='word_1_2' title='bbox 59 321 135 367; x_wconf 90' lang='lat' dir='ltr'><strong>mus</strong></span> <span class='ocrx_word' id='word_1_3' title='bbox 159 298 201 366; x_wconf 92' lang='lat' dir='ltr'><strong>de</strong></span> <span class='ocrx_word' id='word_1_4' title='bbox 222 302 451 399; x_wconf 74' lang='lat' dir='ltr'>persecutique</span> <span class='ocrx_word' id='word_1_5' title='bbox 476 302 557 371; x_wconf 90' lang='lat' dir='ltr'><strong>cleri</strong></span> <span class='ocrx_word' id='word_1_6' title='bbox 584 304 868 395; x_wconf 83' lang='lat' dir='ltr'><strong>frequentissima,</strong></span> <span class='ocrx_word' id='word_1_7' title='bbox 905 331 1002 397; x_wconf 90' lang='lat' dir='ltr'><strong>quam</strong></span> <span class='ocrx_word' id='word_1_8' title='bbox 1033 308 1098 396; x_wconf 91' lang='lat' dir='ltr'><strong>ipsi</strong></span> <span class='ocrx_word' id='word_1_9' title='bbox 1126 310 1223 375; x_wconf 91' lang='lat' dir='ltr'><strong>etiam</strong></span> <span class='ocrx_word' id='word_1_10' title='bbox 1244 310 1354 377; x_wconf 89' lang='lat' dir='ltr'><strong>multis</strong></span> 
     </span>
     <span class='ocr_line' id='line_1_3' title="bbox 61 405 1352 501; baseline 0.008 -32"><span class='ocrx_word' id='word_1_11' title='bbox 61 406 209 492; x_wconf 88' lang='lat' dir='ltr'><strong>repetitis</strong></span> <span class='ocrx_word' id='word_1_12' title='bbox 239 405 367 472; x_wconf 89' lang='lat' dir='ltr'><strong>vicibus</strong></span> <span class='ocrx_word' id='word_1_13' title='bbox 389 407 617 494; x_wconf 75' lang='lat' dir='ltr'><strong>advertebant,</strong></span> <span class='ocrx_word' id='word_1_14' title='bbox 642 410 897 499; x_wconf 76' lang='lat' dir='ltr'><strong>supplicavimus</strong></span> <span class='ocrx_word' id='word_1_15' title='bbox 922 436 981 501; x_wconf 93' lang='lat' dir='ltr'><strong>per</strong></span> <span class='ocrx_word' id='word_1_16' title='bbox 1002 415 1128 497; x_wconf 89' lang='lat' dir='ltr'><strong>Deum,</strong></span> <span class='ocrx_word' id='word_1_17' title='bbox 1165 423 1200 478; x_wconf 93' lang='lat' dir='ltr'><strong>ut</strong></span> <span class='ocrx_word' id='word_1_18' title='bbox 1227 414 1289 479; x_wconf 89' lang='lat' dir='ltr'><strong>bac</strong></span> <span class='ocrx_word' id='word_1_19' title='bbox 1316 415 1352 479; x_wconf 88' lang='lat' dir='ltr'><strong>iu</strong></span> 
     </span>
     <span class='ocr_line' id='line_1_4' title="bbox 61 508 1350 606; baseline 0.008 -34"><span class='ocrx_word' id='word_1_20' title='bbox 61 518 155 595; x_wconf 87' lang='lat' dir='ltr'><strong>parte</strong></span> <span class='ocrx_word' id='word_1_21' title='bbox 176 508 399 596; x_wconf 85' lang='lat' dir='ltr'><strong>defendamur,</strong></span> <span class='ocrx_word' id='word_1_22' title='bbox 422 514 573 579; x_wconf 91' lang='lat' dir='ltr'><strong>novimus</strong></span> <span class='ocrx_word' id='word_1_23' title='bbox 593 516 681 581; x_wconf 90' lang='lat' dir='ltr'><strong>enim</strong></span> <span class='ocrx_word' id='word_1_24' title='bbox 707 516 766 603; x_wconf 89' lang='lat' dir='ltr'><strong>(ita</strong></span> <span class='ocrx_word' id='word_1_25' title='bbox 778 518 876 583; x_wconf 91' lang='lat' dir='ltr'><strong>locuti</strong></span> <span class='ocrx_word' id='word_1_26' title='bbox 888 517 1012 604; x_wconf 84' lang='lat' dir='ltr'><strong>sumus)</strong></span> <span class='ocrx_word' id='word_1_27' title='bbox 1029 518 1127 606; x_wconf 92' lang='lat' dir='ltr'><strong>quod,</strong></span> <span class='ocrx_word' id='word_1_28' title='bbox 1150 519 1179 583; x_wconf 90' lang='lat' dir='ltr'><strong>si</strong></span> <span class='ocrx_word' id='word_1_29' title='bbox 1200 540 1253 585; x_wconf 89' lang='lat' dir='ltr'><strong>res</strong></span> <span class='ocrx_word' id='word_1_30' title='bbox 1274 516 1350 583; x_wconf 83' lang='lat' dir='ltr'><strong>tulis</strong></span> 
     </span>
     <span class='ocr_line' id='line_1_5' title="bbox 59 614 1350 710; baseline 0.011 -33"><span class='ocrx_word' id='word_1_31' title='bbox 59 636 126 679; x_wconf 92' lang='lat' dir='ltr'><strong>non</strong></span> <span class='ocrx_word' id='word_1_32' title='bbox 147 614 246 680; x_wconf 69' lang='lat' dir='ltr'><strong>fixerit</strong></span> <span class='ocrx_word' id='word_1_33' title='bbox 265 616 442 703; x_wconf 86' lang='lat' dir='ltr'><strong>impedita,</strong></span> <span class='ocrx_word' id='word_1_34' title='bbox 473 618 593 685; x_wconf 88' lang='lat' dir='ltr'><strong>exinde</strong></span> <span class='ocrx_word' id='word_1_35' title='bbox 623 619 807 688; x_wconf 88' lang='lat' dir='ltr'><strong>discordiae</strong></span> <span class='ocrx_word' id='word_1_36' title='bbox 837 625 947 689; x_wconf 86' lang='lat' dir='ltr'><strong>variae</strong></span> <span class='ocrx_word' id='word_1_37' title='bbox 981 623 1058 688; x_wconf 91' lang='lat' dir='ltr'><strong>oriri</strong></span> <span class='ocrx_word' id='word_1_38' title='bbox 1080 632 1221 710; x_wconf 82' lang='lat' dir='ltr'><strong>possent.</strong></span> <span class='ocrx_word' id='word_1_39' title='bbox 1267 621 1350 691; x_wconf 87' lang='lat' dir='ltr'><strong>Inde</strong></span> 
     </span>
     <span class='ocr_line' id='line_1_6' title="bbox 59 718 1352 815; baseline 0.008 -33"><span class='ocrx_word' id='word_1_40' title='bbox 59 718 156 783; x_wconf 91' lang='lat' dir='ltr'><strong>nobis</strong></span> <span class='ocrx_word' id='word_1_41' title='bbox 178 720 373 806; x_wconf 89' lang='lat' dir='ltr'><strong>promissum</strong></span> <span class='ocrx_word' id='word_1_42' title='bbox 387 721 457 799; x_wconf 88' lang='lat' dir='ltr'><strong>fuit,</strong></span> <span class='ocrx_word' id='word_1_43' title='bbox 481 723 567 811; x_wconf 93' lang='lat' dir='ltr'><strong>quod</strong></span> <span class='ocrx_word' id='word_1_44' title='bbox 591 724 653 790; x_wconf 88' lang='lat' dir='ltr'><strong>hac</strong></span> <span class='ocrx_word' id='word_1_45' title='bbox 675 725 710 790; x_wconf 92' lang='lat' dir='ltr'><strong>in</strong></span> <span class='ocrx_word' id='word_1_46' title='bbox 723 747 759 792; x_wconf 88' lang='lat' dir='ltr'><strong>re</strong></span> <span class='ocrx_word' id='word_1_47' title='bbox 773 726 867 792; x_wconf 91' lang='lat' dir='ltr'><strong>nobis</strong></span> <span class='ocrx_word' id='word_1_48' title='bbox 879 726 1113 815; x_wconf 84' lang='lat' dir='ltr'><strong>providebitur,</strong></span> <span class='ocrx_word' id='word_1_49' title='bbox 1137 726 1224 815; x_wconf 89' lang='lat' dir='ltr'><strong>quod</strong></span> <span class='ocrx_word' id='word_1_50' title='bbox 1244 735 1352 792; x_wconf 87' lang='lat' dir='ltr'><strong>autem</strong></span> 
     </span>
     <span class='ocr_line' id='line_1_7' title="bbox 61 822 1353 920; baseline 0.007 -34"><span class='ocrx_word' id='word_1_51' title='bbox 61 822 230 909; x_wconf 87' lang='lat' dir='ltr'><strong>hucusque</strong></span> <span class='ocrx_word' id='word_1_52' title='bbox 259 825 386 911; x_wconf 89' lang='lat' dir='ltr'><strong>experti</strong></span> <span class='ocrx_word' id='word_1_53' title='bbox 418 847 483 890; x_wconf 91' lang='lat' dir='ltr'><strong>non</strong></span> <span class='ocrx_word' id='word_1_54' title='bbox 523 827 643 894; x_wconf 88' lang='lat' dir='ltr'><strong>fuimus</strong></span> <span class='ocrx_word' id='word_1_55' title='bbox 655 878 663 911; x_wconf 91' lang='lat'>‚</span> <span class='ocrx_word' id='word_1_56' title='bbox 707 831 773 895; x_wconf 94' lang='lat' dir='ltr'><strong>imo</strong></span> <span class='ocrx_word' id='word_1_57' title='bbox 811 831 952 918; x_wconf 86' lang='lat' dir='ltr'><strong>majores</strong></span> <span class='ocrx_word' id='word_1_58' title='bbox 985 831 1228 920; x_wconf 80' lang='lat' dir='ltr'><strong>persecutiones</strong></span> <span class='ocrx_word' id='word_1_59' title='bbox 1262 832 1353 918; x_wconf 86' lang='lat' dir='ltr'><strong>passi</strong></span> 
     </span>
     <span class='ocr_line' id='line_1_8' title="bbox 22 926 1355 1021; baseline 0.008 -32"><span class='ocrx_word' id='word_1_60' title='bbox 22 968 26 975; x_wconf 84' lang='lat'><strong>·</strong></span> <span class='ocrx_word' id='word_1_61' title='bbox 62 948 183 991; x_wconf 89' lang='lat' dir='ltr'><strong>sumus.</strong></span> <span class='ocrx_word' id='word_1_62' title='bbox 229 926 392 993; x_wconf 85' lang='lat' dir='ltr'><strong>Parecbos</strong></span> <span class='ocrx_word' id='word_1_63' title='bbox 415 929 513 993; x_wconf 88' lang='lat' dir='ltr'><strong>etiam</strong></span> <span class='ocrx_word' id='word_1_64' title='bbox 535 928 692 1017; x_wconf 90' lang='lat' dir='ltr'><strong>quosdam</strong></span> <span class='ocrx_word' id='word_1_65' title='bbox 716 931 757 997; x_wconf 92' lang='lat' dir='ltr'><strong>de</strong></span> <span class='ocrx_word' id='word_1_66' title='bbox 784 933 947 1020; x_wconf 89' lang='lat' dir='ltr'><strong>parochiis</strong></span> <span class='ocrx_word' id='word_1_67' title='bbox 973 934 1174 1021; x_wconf 85' lang='lat' dir='ltr'><strong>expulerunt,</strong></span> <span class='ocrx_word' id='word_1_68' title='bbox 1198 932 1355 1017; x_wconf 87' lang='lat' dir='ltr'><strong>dicentes,</strong></span> 
     </span>
     <span class='ocr_line' id='line_1_9' title="bbox 62 1030 1356 1126; baseline 0.007 -32"><span class='ocrx_word' id='word_1_69' title='bbox 62 1030 150 1117; x_wconf 90' lang='lat' dir='ltr'><strong>quod</strong></span> <span class='ocrx_word' id='word_1_70' title='bbox 182 1052 244 1094; x_wconf 91' lang='lat' dir='ltr'><strong>nec</strong></span> <span class='ocrx_word' id='word_1_71' title='bbox 268 1031 391 1115; x_wconf 87' lang='lat' dir='ltr'><strong>consul,</strong></span> <span class='ocrx_word' id='word_1_72' title='bbox 427 1055 488 1097; x_wconf 90' lang='lat' dir='ltr'><strong>nec</strong></span> <span class='ocrx_word' id='word_1_73' title='bbox 518 1043 648 1100; x_wconf 90' lang='lat' dir='ltr'><strong>senatus</strong></span> <span class='ocrx_word' id='word_1_74' title='bbox 680 1035 746 1101; x_wconf 94' lang='lat' dir='ltr'><strong>illis</strong></span> <span class='ocrx_word' id='word_1_75' title='bbox 779 1036 841 1102; x_wconf 89' lang='lat' dir='ltr'><strong>bac</strong></span> <span class='ocrx_word' id='word_1_76' title='bbox 873 1038 907 1101; x_wconf 91' lang='lat' dir='ltr'><strong>in</strong></span> <span class='ocrx_word' id='word_1_77' title='bbox 934 1059 970 1103; x_wconf 91' lang='lat' dir='ltr'><strong>re</strong></span> <span class='ocrx_word' id='word_1_78' title='bbox 992 1037 1169 1126; x_wconf 89' lang='lat' dir='ltr'><strong>quidquam</strong></span> <span class='ocrx_word' id='word_1_79' title='bbox 1201 1036 1356 1103; x_wconf 85' lang='lat' dir='ltr'><strong>mandare</strong></span> 
     </span>
     <span class='ocr_line' id='line_1_10' title="bbox 60 1133 1356 1229; baseline 0.007 -31"><span class='ocrx_word' id='word_1_80' title='bbox 60 1133 174 1219; x_wconf 88' lang='lat' dir='ltr'><strong>possit.</strong></span> <span class='ocrx_word' id='word_1_81' title='bbox 220 1133 340 1199; x_wconf 76' lang='lat' dir='ltr'><strong>Clerici</strong></span> <span class='ocrx_word' id='word_1_82' title='bbox 362 1135 410 1200; x_wconf 89' lang='lat' dir='ltr'><strong>illi</strong></span> <span class='ocrx_word' id='word_1_83' title='bbox 433 1137 538 1202; x_wconf 89' lang='lat' dir='ltr'><strong>audiri</strong></span> <span class='ocrx_word' id='word_1_84' title='bbox 560 1139 744 1225; x_wconf 89' lang='lat' dir='ltr'><strong>petiverunt</strong></span> <span class='ocrx_word' id='word_1_85' title='bbox 776 1148 831 1207; x_wconf 88' lang='lat' dir='ltr'><strong>aut</strong></span> <span class='ocrx_word' id='word_1_86' title='bbox 853 1141 1014 1229; x_wconf 84' lang='lat' dir='ltr'><strong>ajudicio</strong></span> <span class='ocrx_word' id='word_1_87' title='bbox 1037 1141 1195 1207; x_wconf 88' lang='lat' dir='ltr'><strong>saeculari</strong></span> <span class='ocrx_word' id='word_1_88' title='bbox 1227 1149 1283 1207; x_wconf 89' lang='lat' dir='ltr'><strong>aut</strong></span> <span class='ocrx_word' id='word_1_89' title='bbox 1305 1162 1356 1207; x_wconf 89' lang='lat' dir='ltr'><strong>ec·</strong></span> 
     </span>
     <span class='ocr_line' id='line_1_11' title="bbox 61 1236 1355 1332; baseline 0.005 -30"><span class='ocrx_word' id='word_1_90' title='bbox 61 1236 256 1321; x_wconf 87' lang='lat' dir='ltr'><strong>clesiasticc,</strong></span> <span class='ocrx_word' id='word_1_91' title='bbox 287 1240 499 1318; x_wconf 81' lang='lat' dir='ltr'><strong>insinuantes,</strong></span> <span class='ocrx_word' id='word_1_92' title='bbox 522 1242 609 1330; x_wconf 90' lang='lat' dir='ltr'><strong>quod</strong></span> <span class='ocrx_word' id='word_1_93' title='bbox 632 1243 750 1311; x_wconf 81' lang='lat' dir='ltr'><strong>similia</strong></span> <span class='ocrx_word' id='word_1_94' title='bbox 772 1246 853 1332; x_wconf 91' lang='lat' dir='ltr'><strong>ipsis</strong></span> <span class='ocrx_word' id='word_1_95' title='bbox 880 1246 950 1310; x_wconf 91' lang='lat' dir='ltr'><strong>sine</strong></span> <span class='ocrx_word' id='word_1_96' title='bbox 972 1246 1060 1311; x_wconf 93' lang='lat' dir='ltr'><strong>omni</strong></span> <span class='ocrx_word' id='word_1_97' title='bbox 1083 1268 1181 1312; x_wconf 91' lang='lat' dir='ltr'><strong>causa</strong></span> <span class='ocrx_word' id='word_1_98' title='bbox 1203 1245 1279 1311; x_wconf 86' lang='lat' dir='ltr'><strong>data</strong></span> <span class='ocrx_word' id='word_1_99' title='bbox 1307 1245 1355 1309; x_wconf 92' lang='lat' dir='ltr'><strong>in·</strong></span> 
     </span>
     <span class='ocr_line' id='line_1_12' title="bbox 60 1342 1356 1439; baseline 0.004 -31"><span class='ocrx_word' id='word_1_100' title='bbox 60 1342 218 1429; x_wconf 88' lang='lat' dir='ltr'><strong>ferantur,</strong></span> <span class='ocrx_word' id='word_1_101' title='bbox 241 1345 326 1435; x_wconf 92' lang='lat' dir='ltr'><strong>quod</strong></span> <span class='ocrx_word' id='word_1_102' title='bbox 350 1348 504 1434; x_wconf 88' lang='lat' dir='ltr'><strong>populum</strong></span> <span class='ocrx_word' id='word_1_103' title='bbox 526 1350 781 1438; x_wconf 89' lang='lat' dir='ltr'><strong>omnitempore</strong></span> <span class='ocrx_word' id='word_1_104' title='bbox 809 1354 906 1439; x_wconf 83' lang='lat' dir='ltr'><strong>juxta</strong></span> <span class='ocrx_word' id='word_1_105' title='bbox 935 1351 1039 1438; x_wconf 87' lang='lat' dir='ltr'><strong>legem</strong></span> <span class='ocrx_word' id='word_1_106' title='bbox 1062 1350 1127 1415; x_wconf 91' lang='lat' dir='ltr'><strong>Dei</strong></span> <span class='ocrx_word' id='word_1_107' title='bbox 1150 1359 1182 1415; x_wconf 88' lang='lat' dir='ltr'><strong>et</strong></span> <span class='ocrx_word' id='word_1_108' title='bbox 1204 1348 1356 1415; x_wconf 83' lang='lat' dir='ltr'><strong>articulos</strong></span> 
     </span>
     <span class='ocr_line' id='line_1_13' title="bbox 60 1449 1355 1537; baseline 0.003 -24"><span class='ocrx_word' id='word_1_109' title='bbox 60 1449 94 1513; x_wconf 93' lang='lat' dir='ltr'><strong>in</strong></span> <span class='ocrx_word' id='word_1_110' title='bbox 118 1450 258 1517; x_wconf 88' lang='lat' dir='ltr'><strong>comitiis</strong></span> <span class='ocrx_word' id='word_1_111' title='bbox 281 1450 450 1517; x_wconf 90' lang='lat' dir='ltr'><strong>conclusos</strong></span> <span class='ocrx_word' id='word_1_112' title='bbox 480 1453 703 1537; x_wconf 82' lang='lat' dir='ltr'><strong>instruxerint,</strong></span> <span class='ocrx_word' id='word_1_113' title='bbox 740 1454 950 1521; x_wconf 90' lang='lat' dir='ltr'><strong>nibilominus</strong></span> <span class='ocrx_word' id='word_1_114' title='bbox 972 1454 1015 1521; x_wconf 89' lang='lat' dir='ltr'><strong>ad</strong></span> <span class='ocrx_word' id='word_1_115' title='bbox 1038 1453 1277 1521; x_wconf 84' lang='lat' dir='ltr'><strong>exaudiendum</strong></span> <span class='ocrx_word' id='word_1_116' title='bbox 1300 1450 1355 1517; x_wconf 87' lang='lat' dir='ltr'><strong>ad·</strong></span> 
     </span>
     <span class='ocr_line' id='line_1_14' title="bbox 59 1553 1352 1645; baseline 0.002 -28"><span class='ocrx_word' id='word_1_117' title='bbox 59 1553 151 1619; x_wconf 91' lang='lat' dir='ltr'><strong>missi</strong></span> <span class='ocrx_word' id='word_1_118' title='bbox 172 1578 238 1620; x_wconf 88' lang='lat' dir='ltr'><strong>non</strong></span> <span class='ocrx_word' id='word_1_119' title='bbox 261 1564 345 1636; x_wconf 90' lang='lat' dir='ltr'><strong>sunt,</strong></span> <span class='ocrx_word' id='word_1_120' title='bbox 380 1554 438 1620; x_wconf 90' lang='lat' dir='ltr'><strong>sed</strong></span> <span class='ocrx_word' id='word_1_121' title='bbox 460 1555 540 1620; x_wconf 89' lang='lat' dir='ltr'><strong>locis</strong></span> <span class='ocrx_word' id='word_1_122' title='bbox 570 1558 637 1621; x_wconf 91' lang='lat' dir='ltr'><strong>suis</strong></span> <span class='ocrx_word' id='word_1_123' title='bbox 658 1558 778 1644; x_wconf 90' lang='lat' dir='ltr'><strong>privati</strong></span> <span class='ocrx_word' id='word_1_124' title='bbox 799 1560 938 1625; x_wconf 85' lang='lat' dir='ltr'><strong>fuerunt</strong></span> <span class='ocrx_word' id='word_1_125' title='bbox 984 1558 1077 1639; x_wconf 80' lang='lat' dir='ltr'><strong>Quae</strong></span> <span class='ocrx_word' id='word_1_126' title='bbox 1108 1557 1352 1645; x_wconf 87' lang='lat' dir='ltr'><strong>persecutiones</strong></span> 
     </span>
     <span class='ocr_line' id='line_1_15' title="bbox 60 1658 1355 1751; baseline 0 -28"><span class='ocrx_word' id='word_1_127' title='bbox 60 1658 140 1724; x_wconf 91' lang='lat' dir='ltr'><strong>cleri</strong></span> <span class='ocrx_word' id='word_1_128' title='bbox 161 1682 227 1725; x_wconf 92' lang='lat' dir='ltr'><strong>non</strong></span> <span class='ocrx_word' id='word_1_129' title='bbox 248 1659 420 1726; x_wconf 83' lang='lat' dir='ltr'><strong>cessabant</strong></span> <span class='ocrx_word' id='word_1_130' title='bbox 437 1682 543 1748; x_wconf 90' lang='lat' dir='ltr'><strong>neque</strong></span> <span class='ocrx_word' id='word_1_131' title='bbox 554 1662 836 1741; x_wconf 85' lang='lat' dir='ltr'><strong>imminuebantur,</strong></span> <span class='ocrx_word' id='word_1_132' title='bbox 859 1664 917 1730; x_wconf 89' lang='lat' dir='ltr'><strong>sed</strong></span> <span class='ocrx_word' id='word_1_133' title='bbox 940 1665 1044 1751; x_wconf 79' lang='lat' dir='ltr'><strong>magis</strong></span> <span class='ocrx_word' id='word_1_134' title='bbox 1056 1683 1234 1751; x_wconf 91' lang='lat' dir='ltr'><strong>semperac</strong></span> <span class='ocrx_word' id='word_1_135' title='bbox 1249 1660 1355 1745; x_wconf 82' lang='lat' dir='ltr'><strong>magis</strong></span> 
     </span>
     <span class='ocr_line' id='line_1_16' title="bbox 58 1762 1356 1856; baseline -0.001 -28"><span class='ocrx_word' id='word_1_136' title='bbox 58 1762 327 1844; x_wconf 81' lang='lat' dir='ltr'><strong>invalescebant3</strong></span> <span class='ocrx_word' id='word_1_137' title='bbox 351 1785 447 1851; x_wconf 88' lang='lat' dir='ltr'><strong>super</strong></span> <span class='ocrx_word' id='word_1_138' title='bbox 475 1765 632 1853; x_wconf 86' lang='lat' dir='ltr'><strong>quosdam</strong></span> <span class='ocrx_word' id='word_1_139' title='bbox 663 1769 748 1833; x_wconf 87' lang='lat' dir='ltr'><strong>enim</strong></span> <span class='ocrx_word' id='word_1_140' title='bbox 770 1770 888 1856; x_wconf 80' lang='lat' dir='ltr'><strong>lapidea</strong></span> <span class='ocrx_word' id='word_1_141' title='bbox 910 1768 1125 1856; x_wconf 85' lang='lat' dir='ltr'><strong>projecerunt,</strong></span> <span class='ocrx_word' id='word_1_142' title='bbox 1149 1787 1246 1853; x_wconf 88' lang='lat' dir='ltr'><strong>super</strong></span> <span class='ocrx_word' id='word_1_143' title='bbox 1275 1763 1356 1828; x_wconf 87' lang='lat' dir='ltr'><strong>alios</strong></span> 
     </span>
     <span class='ocr_line' id='line_1_17' title="bbox 57 1869 1355 1961; baseline 0 -28"><span class='ocrx_word' id='word_1_144' title='bbox 57 1878 168 1954; x_wconf 86' lang='lat' dir='ltr'><strong>partes</strong></span> <span class='ocrx_word' id='word_1_145' title='bbox 182 1870 376 1956; x_wconf 87' lang='lat' dir='ltr'><strong>posteriores</strong></span> <span class='ocrx_word' id='word_1_146' title='bbox 399 1869 596 1956; x_wconf 84' lang='lat' dir='ltr'><strong>detegebant</strong></span> <span class='ocrx_word' id='word_1_147' title='bbox 603 1874 637 1937; x_wconf 93' lang='lat' dir='ltr'><strong>in</strong></span> <span class='ocrx_word' id='word_1_148' title='bbox 649 1872 764 1959; x_wconf 87' lang='lat' dir='ltr'><strong>plateis</strong></span> <span class='ocrx_word' id='word_1_149' title='bbox 774 1896 872 1961; x_wconf 90' lang='lat' dir='ltr'><strong>super</strong></span> <span class='ocrx_word' id='word_1_150' title='bbox 883 1873 1163 1939; x_wconf 85' lang='lat' dir='ltr'><strong>cosvcciferantes</strong></span> <span class='ocrx_word' id='word_1_151' title='bbox 1177 1881 1209 1937; x_wconf 94' lang='lat' dir='ltr'><strong>et</strong></span> <span class='ocrx_word' id='word_1_152' title='bbox 1220 1869 1355 1936; x_wconf 89' lang='lat' dir='ltr'><strong>obvian-</strong></span> 
     </span>
     <span class='ocr_line' id='line_1_18' title="bbox 59 1972 1356 2063; baseline -0.002 -25"><span class='ocrx_word' id='word_1_153' title='bbox 59 1978 108 2038; x_wconf 83' lang='lat' dir='ltr'><strong>tes</strong></span> <span class='ocrx_word' id='word_1_154' title='bbox 138 1972 205 2038; x_wconf 93' lang='lat' dir='ltr'><strong>illis</strong></span> <span class='ocrx_word' id='word_1_155' title='bbox 236 1972 380 2040; x_wconf 90' lang='lat' dir='ltr'><strong>humeris</strong></span> <span class='ocrx_word' id='word_1_156' title='bbox 403 1996 459 2040; x_wconf 88' lang='lat' dir='ltr'><strong>eos</strong></span> <span class='ocrx_word' id='word_1_157' title='bbox 472 1974 632 2041; x_wconf 87' lang='lat' dir='ltr'><strong>trudendo</strong></span> <span class='ocrx_word' id='word_1_158' title='bbox 640 1977 796 2063; x_wconf 90' lang='lat' dir='ltr'><strong>impetum</strong></span> <span class='ocrx_word' id='word_1_159' title='bbox 818 1978 853 2042; x_wconf 93' lang='lat' dir='ltr'><strong>in</strong></span> <span class='ocrx_word' id='word_1_160' title='bbox 876 1976 949 2041; x_wconf 92' lang='lat' dir='ltr'><strong>illos</strong></span> <span class='ocrx_word' id='word_1_161' title='bbox 972 1982 1197 2051; x_wconf 87' lang='lat' dir='ltr'><strong>exercuerunt,</strong></span> <span class='ocrx_word' id='word_1_162' title='bbox 1221 1982 1253 2038; x_wconf 91' lang='lat' dir='ltr'><strong>et</strong></span> <span class='ocrx_word' id='word_1_163' title='bbox 1276 1973 1356 2038; x_wconf 88' lang='lat' dir='ltr'><strong>alias</strong></span> 
     </span>
     <span class='ocr_line' id='line_1_19' title="bbox 58 2076 459 2165; baseline -0.002 -23"><span class='ocrx_word' id='word_1_164' title='bbox 58 2076 255 2165; x_wconf 85' lang='lat' dir='ltr'><strong>petulantias</strong></span> <span class='ocrx_word' id='word_1_165' title='bbox 279 2088 459 2145; x_wconf 84' lang='lat' dir='ltr'><strong>causarunt.</strong></span> 
     </span>
    </p>

    <p class='ocr_par' dir='ltr' id='par_1_3' title="bbox 56 2178 1360 4357">
     <span class='ocr_line' id='line_1_20' title="bbox 141 2178 1355 2271; baseline -0.003 -23"><span class='ocrx_word' id='word_1_166' title='bbox 141 2180 235 2248; x_wconf 86' lang='lat' dir='ltr'><strong>Haec</strong></span> <span class='ocrx_word' id='word_1_167' title='bbox 257 2186 366 2249; x_wconf 91' lang='lat' dir='ltr'><strong>omnia</strong></span> <span class='ocrx_word' id='word_1_168' title='bbox 389 2182 431 2249; x_wconf 89' lang='lat' dir='ltr'><strong>ad</strong></span> <span class='ocrx_word' id='word_1_169' title='bbox 455 2194 603 2252; x_wconf 89' lang='lat' dir='ltr'><strong>senatum</strong></span> <span class='ocrx_word' id='word_1_170' title='bbox 629 2185 804 2253; x_wconf 85' lang='lat' dir='ltr'><strong>detulimus</strong></span> <span class='ocrx_word' id='word_1_171' title='bbox 827 2207 892 2251; x_wconf 90' lang='lat' dir='ltr'><strong>non</strong></span> <span class='ocrx_word' id='word_1_172' title='bbox 914 2183 999 2267; x_wconf 89' lang='lat' dir='ltr'><strong>idco,</strong></span> <span class='ocrx_word' id='word_1_173' title='bbox 1023 2184 1115 2271; x_wconf 87' lang='lat' dir='ltr'><strong>quasi</strong></span> <span class='ocrx_word' id='word_1_174' title='bbox 1137 2180 1277 2247; x_wconf 89' lang='lat' dir='ltr'><strong>illaDeo</strong></span> <span class='ocrx_word' id='word_1_175' title='bbox 1301 2178 1355 2245; x_wconf 90' lang='lat' dir='ltr'><strong>ad-</strong></span> 
     </span>
     <span class='ocr_line' id='line_1_21' title="bbox 56 2285 1354 2379; baseline -0.002 -29"><span class='ocrx_word' id='word_1_176' title='bbox 56 2285 192 2372; x_wconf 86' lang='lat' dir='ltr'><strong>juvante</strong></span> <span class='ocrx_word' id='word_1_177' title='bbox 229 2289 389 2354; x_wconf 89' lang='lat' dir='ltr'><strong>sustinere</strong></span> <span class='ocrx_word' id='word_1_178' title='bbox 421 2290 642 2379; x_wconf 88' lang='lat' dir='ltr'><strong>nequiremus,</strong></span> <span class='ocrx_word' id='word_1_179' title='bbox 681 2289 739 2355; x_wconf 88' lang='lat' dir='ltr'><strong>sed</strong></span> <span class='ocrx_word' id='word_1_180' title='bbox 773 2291 851 2378; x_wconf 89' lang='lat' dir='ltr'><strong>quia</strong></span> <span class='ocrx_word' id='word_1_181' title='bbox 873 2288 1085 2375; x_wconf 86' lang='lat' dir='ltr'><strong>cognovimus</strong></span> <span class='ocrx_word' id='word_1_182' title='bbox 1122 2286 1219 2375; x_wconf 89' lang='lat' dir='ltr'><strong>hujus</strong></span> <span class='ocrx_word' id='word_1_183' title='bbox 1256 2305 1354 2351; x_wconf 85' lang='lat' dir='ltr'><strong>causa</strong></span> 
     </span>
     <span class='ocr_line' id='line_1_22' title="bbox 60 2388 1353 2481; baseline 0.003 -28"><span class='ocrx_word' id='word_1_184' title='bbox 60 2388 207 2458; x_wconf 88' lang='lat' dir='ltr'><strong>homines</strong></span> <span class='ocrx_word' id='word_1_185' title='bbox 228 2392 311 2458; x_wconf 89' lang='lat' dir='ltr'><strong>alios</strong></span> <span class='ocrx_word' id='word_1_186' title='bbox 333 2394 539 2481; x_wconf 87' lang='lat' dir='ltr'><strong>impatientes</strong></span> <span class='ocrx_word' id='word_1_187' title='bbox 563 2416 644 2477; x_wconf 89' lang='lat' dir='ltr'><strong>esse,</strong></span> <span class='ocrx_word' id='word_1_188' title='bbox 668 2402 700 2460; x_wconf 90' lang='lat' dir='ltr'><strong>ct</strong></span> <span class='ocrx_word' id='word_1_189' title='bbox 710 2394 859 2481; x_wconf 89' lang='lat' dir='ltr'><strong>personis</strong></span> <span class='ocrx_word' id='word_1_190' title='bbox 882 2394 1001 2459; x_wconf 90' lang='lat' dir='ltr'><strong>nostris</strong></span> <span class='ocrx_word' id='word_1_191' title='bbox 1016 2392 1196 2481; x_wconf 85' lang='lat' dir='ltr'><strong>plusquam</strong></span> <span class='ocrx_word' id='word_1_192' title='bbox 1218 2414 1353 2458; x_wconf 88' lang='lat' dir='ltr'><strong>necesse</strong></span> 
     </span>
     <span class='ocr_line' id='line_1_23' title="bbox 58 2496 1354 2585; baseline 0.002 -27"><span class='ocrx_word' id='word_1_193' title='bbox 58 2504 119 2577; x_wconf 92' lang='lat' dir='ltr'><strong>est,</strong></span> <span class='ocrx_word' id='word_1_194' title='bbox 143 2497 389 2583; x_wconf 82' lang='lat' dir='ltr'><strong>compatientes,</strong></span> <span class='ocrx_word' id='word_1_195' title='bbox 411 2496 468 2562; x_wconf 91' lang='lat' dir='ltr'><strong>ubi</strong></span> <span class='ocrx_word' id='word_1_196' title='bbox 490 2497 669 2585; x_wconf 88' lang='lat' dir='ltr'><strong>periculum</strong></span> <span class='ocrx_word' id='word_1_197' title='bbox 693 2496 763 2580; x_wconf 86' lang='lat' dir='ltr'><strong>fuit,</strong></span> <span class='ocrx_word' id='word_1_198' title='bbox 792 2520 835 2561; x_wconf 90' lang='lat' dir='ltr'><strong>ne</strong></span> <span class='ocrx_word' id='word_1_199' title='bbox 857 2519 877 2561; x_wconf 89' lang='lat' dir='ltr'><strong>a</strong></span> <span class='ocrx_word' id='word_1_200' title='bbox 898 2505 991 2584; x_wconf 84' lang='lat' dir='ltr'><strong>parte</strong></span> <span class='ocrx_word' id='word_1_201' title='bbox 1014 2496 1116 2562; x_wconf 83' lang='lat' dir='ltr'><strong>altera</strong></span> <span class='ocrx_word' id='word_1_202' title='bbox 1138 2506 1250 2563; x_wconf 89' lang='lat' dir='ltr'><strong>contra</strong></span> <span class='ocrx_word' id='word_1_203' title='bbox 1272 2496 1354 2561; x_wconf 87' lang='lat' dir='ltr'><strong>tales</strong></span> 
     </span>
     <span class='ocr_line' id='line_1_24' title="bbox 57 2597 1356 2689; baseline 0.001 -26"><span class='ocrx_word' id='word_1_204' title='bbox 57 2597 208 2664; x_wconf 88' lang='lat' dir='ltr'><strong>homines</strong></span> <span class='ocrx_word' id='word_1_205' title='bbox 232 2600 396 2688; x_wconf 91' lang='lat' dir='ltr'><strong>inquietos</strong></span> <span class='ocrx_word' id='word_1_206' title='bbox 419 2602 607 2666; x_wconf 87' lang='lat' dir='ltr'><strong>resistentia</strong></span> <span class='ocrx_word' id='word_1_207' title='bbox 630 2600 790 2689; x_wconf 86' lang='lat' dir='ltr'><strong>quaedam</strong></span> <span class='ocrx_word' id='word_1_208' title='bbox 812 2601 951 2685; x_wconf 87' lang='lat' dir='ltr'><strong>oriatur;</strong></span> <span class='ocrx_word' id='word_1_209' title='bbox 988 2599 1070 2665; x_wconf 85' lang='lat' dir='ltr'><strong>baec</strong></span> <span class='ocrx_word' id='word_1_210' title='bbox 1105 2600 1234 2688; x_wconf 89' lang='lat' dir='ltr'><strong>qualem</strong></span> <span class='ocrx_word' id='word_1_211' title='bbox 1256 2600 1356 2665; x_wconf 87' lang='lat' dir='ltr'><strong>finem</strong></span> 
     </span>
     <span class='ocr_line' id='line_1_25' title="bbox 60 2702 1357 2793; baseline 0.001 -26"><span class='ocrx_word' id='word_1_212' title='bbox 60 2712 237 2786; x_wconf 84' lang='lat' dir='ltr'><strong>sumerent,</strong></span> <span class='ocrx_word' id='word_1_213' title='bbox 258 2704 351 2770; x_wconf 91' lang='lat' dir='ltr'><strong>Deus</strong></span> <span class='ocrx_word' id='word_1_214' title='bbox 375 2707 496 2793; x_wconf 91' lang='lat' dir='ltr'><strong>optime</strong></span> <span class='ocrx_word' id='word_1_215' title='bbox 519 2705 658 2771; x_wconf 83' lang='lat' dir='ltr'><strong>noverit.</strong></span> <span class='ocrx_word' id='word_1_216' title='bbox 700 2704 804 2770; x_wconf 90' lang='lat' dir='ltr'><strong>Nobis</strong></span> <span class='ocrx_word' id='word_1_217' title='bbox 827 2713 935 2770; x_wconf 88' lang='lat' dir='ltr'><strong>autem</strong></span> <span class='ocrx_word' id='word_1_218' title='bbox 957 2702 1126 2792; x_wconf 87' lang='lat' dir='ltr'><strong>hucusque</strong></span> <span class='ocrx_word' id='word_1_219' title='bbox 1148 2704 1239 2770; x_wconf 85' lang='lat' dir='ltr'><strong>nulla</strong></span> <span class='ocrx_word' id='word_1_220' title='bbox 1258 2726 1357 2769; x_wconf 89' lang='lat' dir='ltr'><strong>causa</strong></span> 
     </span>
     <span class='ocr_line' id='line_1_26' title="bbox 62 2806 1359 2896; baseline -0.001 -23"><span class='ocrx_word' id='word_1_221' title='bbox 62 2807 209 2875; x_wconf 85' lang='lat' dir='ltr'><strong>adscribi</strong></span> <span class='ocrx_word' id='word_1_222' title='bbox 241 2810 347 2896; x_wconf 91' lang='lat' dir='ltr'><strong>potuit</strong></span> <span class='ocrx_word' id='word_1_223' title='bbox 384 2832 426 2874; x_wconf 88' lang='lat' dir='ltr'><strong>ex</strong></span> <span class='ocrx_word' id='word_1_224' title='bbox 451 2808 661 2875; x_wconf 89' lang='lat' dir='ltr'><strong>concionibus</strong></span> <span class='ocrx_word' id='word_1_225' title='bbox 684 2808 815 2891; x_wconf 87' lang='lat' dir='ltr'><strong>nostris,</strong></span> <span class='ocrx_word' id='word_1_226' title='bbox 851 2829 957 2895; x_wconf 89' lang='lat' dir='ltr'><strong>neque</strong></span> <span class='ocrx_word' id='word_1_227' title='bbox 990 2806 1085 2873; x_wconf 84' lang='lat' dir='ltr'><strong>nobis</strong></span> <span class='ocrx_word' id='word_1_228' title='bbox 1120 2806 1359 2873; x_wconf 87' lang='lat' dir='ltr'><strong>demonstratus</strong></span> 
     </span>
     <span class='ocr_line' id='line_1_27' title="bbox 60 2909 1350 3003; baseline -0.003 -24"><span class='ocrx_word' id='word_1_229' title='bbox 60 2914 124 2979; x_wconf 87' lang='lat' dir='ltr'><strong>fuit</strong></span> <span class='ocrx_word' id='word_1_230' title='bbox 140 2936 231 2979; x_wconf 89' lang='lat' dir='ltr'><strong>error</strong></span> <span class='ocrx_word' id='word_1_231' title='bbox 253 2913 403 3003; x_wconf 82' lang='lat' dir='ltr'><strong>quidam3</strong></span> <span class='ocrx_word' id='word_1_232' title='bbox 426 2914 641 2979; x_wconf 88' lang='lat' dir='ltr'><strong>fuimusenim</strong></span> <span class='ocrx_word' id='word_1_233' title='bbox 666 2935 795 2999; x_wconf 91' lang='lat' dir='ltr'><strong>semper</strong></span> <span class='ocrx_word' id='word_1_234' title='bbox 816 2912 931 2999; x_wconf 90' lang='lat' dir='ltr'><strong>parati,</strong></span> <span class='ocrx_word' id='word_1_235' title='bbox 953 2912 1066 2976; x_wconf 90' lang='lat' dir='ltr'><strong>venire</strong></span> <span class='ocrx_word' id='word_1_236' title='bbox 1089 2910 1131 2976; x_wconf 88' lang='lat' dir='ltr'><strong>ad</strong></span> <span class='ocrx_word' id='word_1_237' title='bbox 1142 2909 1350 2994; x_wconf 91' lang='lat' dir='ltr'><strong>audiendum,</strong></span> 
     </span>
     <span class='ocr_line' id='line_1_28' title="bbox 62 3015 1358 3107; baseline -0.003 -24"><span class='ocrx_word' id='word_1_238' title='bbox 62 3017 144 3107; x_wconf 91' lang='lat' dir='ltr'><strong>quid</strong></span> <span class='ocrx_word' id='word_1_239' title='bbox 165 3018 282 3084; x_wconf 88' lang='lat' dir='ltr'><strong>melius</strong></span> <span class='ocrx_word' id='word_1_240' title='bbox 305 3018 400 3084; x_wconf 89' lang='lat' dir='ltr'><strong>nobis</strong></span> <span class='ocrx_word' id='word_1_241' title='bbox 423 3027 631 3107; x_wconf 86' lang='lat' dir='ltr'><strong>proponetur.</strong></span> <span class='ocrx_word' id='word_1_242' title='bbox 674 3016 753 3082; x_wconf 91' lang='lat' dir='ltr'><strong>Ideo</strong></span> <span class='ocrx_word' id='word_1_243' title='bbox 776 3015 924 3081; x_wconf 91' lang='lat' dir='ltr'><strong>nolentes</strong></span> <span class='ocrx_word' id='word_1_244' title='bbox 949 3017 1098 3102; x_wconf 85' lang='lat' dir='ltr'><strong>personis</strong></span> <span class='ocrx_word' id='word_1_245' title='bbox 1119 3016 1239 3081; x_wconf 89' lang='lat' dir='ltr'><strong>nostris</strong></span> <span class='ocrx_word' id='word_1_246' title='bbox 1258 3035 1358 3080; x_wconf 90' lang='lat' dir='ltr'><strong>causa</strong></span> 
     </span>
     <span class='ocr_line' id='line_1_29' title="bbox 63 3118 1357 3211; baseline -0.004 -24"><span class='ocrx_word' id='word_1_247' title='bbox 63 3120 236 3211; x_wconf 78' lang='lat' dir='ltr'><strong>qu&#39;usdam</strong></span> <span class='ocrx_word' id='word_1_248' title='bbox 259 3123 336 3187; x_wconf 89' lang='lat' dir='ltr'><strong>mali</strong></span> <span class='ocrx_word' id='word_1_249' title='bbox 360 3145 441 3205; x_wconf 90' lang='lat' dir='ltr'><strong>esse,</strong></span> <span class='ocrx_word' id='word_1_250' title='bbox 464 3120 551 3187; x_wconf 90' lang='lat' dir='ltr'><strong>hunc</strong></span> <span class='ocrx_word' id='word_1_251' title='bbox 575 3120 757 3186; x_wconf 87' lang='lat' dir='ltr'><strong>discessum</strong></span> <span class='ocrx_word' id='word_1_252' title='bbox 780 3129 812 3185; x_wconf 95' lang='lat' dir='ltr'><strong>et</strong></span> <span class='ocrx_word' id='word_1_253' title='bbox 834 3123 896 3186; x_wconf 92' lang='lat' dir='ltr'><strong>iter</strong></span> <span class='ocrx_word' id='word_1_254' title='bbox 917 3120 1061 3207; x_wconf 86' lang='lat' dir='ltr'><strong>arripere</strong></span> <span class='ocrx_word' id='word_1_255' title='bbox 1081 3118 1175 3184; x_wconf 90' lang='lat' dir='ltr'><strong>nobis</strong></span> <span class='ocrx_word' id='word_1_256' title='bbox 1190 3118 1357 3205; x_wconf 90' lang='lat' dir='ltr'><strong>proposui·</strong></span> 
     </span>
     <span class='ocr_line' id='line_1_30' title="bbox 62 3222 1358 3315; baseline -0.005 -23"><span class='ocrx_word' id='word_1_257' title='bbox 62 3248 155 3313; x_wconf 82' lang='lat' dir='ltr'><strong>mus3</strong></span> <span class='ocrx_word' id='word_1_258' title='bbox 179 3249 347 3315; x_wconf 90' lang='lat' dir='ltr'><strong>speramus</strong></span> <span class='ocrx_word' id='word_1_259' title='bbox 370 3236 487 3304; x_wconf 88' lang='lat' dir='ltr'><strong>autem,</strong></span> <span class='ocrx_word' id='word_1_260' title='bbox 515 3225 645 3291; x_wconf 91' lang='lat' dir='ltr'><strong>domine</strong></span> <span class='ocrx_word' id='word_1_261' title='bbox 669 3224 791 3307; x_wconf 88' lang='lat' dir='ltr'><strong>consul,</strong></span> <span class='ocrx_word' id='word_1_262' title='bbox 816 3223 938 3290; x_wconf 91' lang='lat' dir='ltr'><strong>domini</strong></span> <span class='ocrx_word' id='word_1_263' title='bbox 961 3232 1126 3289; x_wconf 89' lang='lat' dir='ltr'><strong>senatores</strong></span> <span class='ocrx_word' id='word_1_264' title='bbox 1149 3222 1293 3308; x_wconf 86' lang='lat' dir='ltr'><strong>gratiosi,</strong></span> <span class='ocrx_word' id='word_1_265' title='bbox 1326 3230 1358 3286; x_wconf 91' lang='lat' dir='ltr'><strong>et</strong></span> 
     </span>
     <span class='ocr_line' id='line_1_31' title="bbox 63 3326 1356 3418; baseline -0.003 -24"><span class='ocrx_word' id='word_1_266' title='bbox 63 3338 133 3396; x_wconf 86' lang='lat' dir='ltr'><strong>tota</strong></span> <span class='ocrx_word' id='word_1_267' title='bbox 167 3332 391 3414; x_wconf 85' lang='lat' dir='ltr'><strong>communitas,</strong></span> <span class='ocrx_word' id='word_1_268' title='bbox 430 3330 515 3418; x_wconf 92' lang='lat' dir='ltr'><strong>quod</strong></span> <span class='ocrx_word' id='word_1_269' title='bbox 537 3338 667 3395; x_wconf 89' lang='lat' dir='ltr'><strong>vestrae</strong></span> <span class='ocrx_word' id='word_1_270' title='bbox 688 3330 813 3415; x_wconf 85' lang='lat' dir='ltr'><strong>gratiae</strong></span> <span class='ocrx_word' id='word_1_271' title='bbox 840 3328 928 3393; x_wconf 91' lang='lat' dir='ltr'><strong>hunc</strong></span> <span class='ocrx_word' id='word_1_272' title='bbox 950 3336 1096 3393; x_wconf 88' lang='lat' dir='ltr'><strong>nostrum</strong></span> <span class='ocrx_word' id='word_1_273' title='bbox 1118 3326 1299 3391; x_wconf 90' lang='lat' dir='ltr'><strong>discessum</strong></span> <span class='ocrx_word' id='word_1_274' title='bbox 1322 3326 1356 3390; x_wconf 93' lang='lat' dir='ltr'><strong>in</strong></span> 
     </span>
     <span class='ocr_line' id='line_1_32' title="bbox 63 3430 1357 3519; baseline -0.004 -20"><span class='ocrx_word' id='word_1_275' title='bbox 63 3434 186 3500; x_wconf 80' lang='lat' dir='ltr'><strong>mala&#39;m</strong></span> <span class='ocrx_word' id='word_1_276' title='bbox 207 3436 419 3500; x_wconf 90' lang='lat' dir='ltr'><strong>intentionem</strong></span> <span class='ocrx_word' id='word_1_277' title='bbox 456 3444 489 3498; x_wconf 90' lang='lat' dir='ltr'><strong>ct</strong></span> <span class='ocrx_word' id='word_1_278' title='bbox 524 3433 626 3498; x_wconf 86' lang='lat' dir='ltr'><strong>malas</strong></span> <span class='ocrx_word' id='word_1_279' title='bbox 661 3455 775 3498; x_wconf 89' lang='lat' dir='ltr'><strong>causas</strong></span> <span class='ocrx_word' id='word_1_280' title='bbox 811 3456 876 3497; x_wconf 91' lang='lat' dir='ltr'><strong>non</strong></span> <span class='ocrx_word' id='word_1_281' title='bbox 899 3433 1054 3517; x_wconf 88' lang='lat' dir='ltr'><strong>vertetis;</strong></span> <span class='ocrx_word' id='word_1_282' title='bbox 1088 3453 1164 3495; x_wconf 91' lang='lat' dir='ltr'><strong>nam</strong></span> <span class='ocrx_word' id='word_1_283' title='bbox 1200 3430 1357 3519; x_wconf 92' lang='lat' dir='ltr'><strong>populum</strong></span> 
     </span>
     <span class='ocr_line' id='line_1_33' title="bbox 64 3534 1360 3626; baseline -0.006 -21"><span class='ocrx_word' id='word_1_284' title='bbox 64 3539 155 3605; x_wconf 91' lang='lat' dir='ltr'><strong>omni</strong></span> <span class='ocrx_word' id='word_1_285' title='bbox 178 3546 322 3626; x_wconf 91' lang='lat' dir='ltr'><strong>tempore</strong></span> <span class='ocrx_word' id='word_1_286' title='bbox 345 3537 387 3603; x_wconf 89' lang='lat' dir='ltr'><strong>ad</strong></span> <span class='ocrx_word' id='word_1_287' title='bbox 409 3561 523 3625; x_wconf 82' lang='lat' dir='ltr'><strong>pacem</strong></span> <span class='ocrx_word' id='word_1_288' title='bbox 554 3547 586 3602; x_wconf 91' lang='lat' dir='ltr'><strong>et</strong></span> <span class='ocrx_word' id='word_1_289' title='bbox 608 3537 815 3604; x_wconf 87' lang='lat' dir='ltr'><strong>concordiam</strong></span> <span class='ocrx_word' id='word_1_290' title='bbox 839 3534 991 3600; x_wconf 86' lang='lat' dir='ltr'><strong>duximus</strong></span> <span class='ocrx_word' id='word_1_291' title='bbox 1015 3543 1046 3600; x_wconf 91' lang='lat' dir='ltr'><strong>et</strong></span> <span class='ocrx_word' id='word_1_292' title='bbox 1068 3534 1304 3611; x_wconf 90' lang='lat' dir='ltr'><strong>admonuimus,</strong></span> <span class='ocrx_word' id='word_1_293' title='bbox 1327 3541 1360 3598; x_wconf 91' lang='lat' dir='ltr'><strong>et</strong></span> 
     </span>
     <span class='ocr_line' id='line_1_34' title="bbox 65 3638 1357 3728; baseline -0.005 -21"><span class='ocrx_word' id='word_1_294' title='bbox 65 3644 100 3707; x_wconf 92' lang='lat' dir='ltr'><strong>in</strong></span> <span class='ocrx_word' id='word_1_295' title='bbox 124 3640 213 3707; x_wconf 92' lang='lat' dir='ltr'><strong>omni</strong></span> <span class='ocrx_word' id='word_1_296' title='bbox 235 3642 393 3707; x_wconf 88' lang='lat' dir='ltr'><strong>charitate</strong></span> <span class='ocrx_word' id='word_1_297' title='bbox 415 3642 637 3725; x_wconf 84' lang='lat' dir='ltr'><strong>instruximus,</strong></span> <span class='ocrx_word' id='word_1_298' title='bbox 661 3639 816 3728; x_wconf 86' lang='lat' dir='ltr'><strong>quamdiu</strong></span> <span class='ocrx_word' id='word_1_299' title='bbox 837 3641 992 3704; x_wconf 91' lang='lat' dir='ltr'><strong>intervos</strong></span> <span class='ocrx_word' id='word_1_300' title='bbox 1004 3638 1140 3723; x_wconf 80' lang='lat' dir='ltr'><strong>fuimus3</strong></span> <span class='ocrx_word' id='word_1_301' title='bbox 1163 3646 1357 3703; x_wconf 86' lang='lat' dir='ltr'><strong>cumeutem</strong></span> 
     </span>
     <span class='ocr_line' id='line_1_35' title="bbox 63 3744 1356 3834; baseline -0.002 -24"><span class='ocrx_word' id='word_1_302' title='bbox 63 3744 160 3812; x_wconf 90' lang='lat' dir='ltr'><strong>nobis</strong></span> <span class='ocrx_word' id='word_1_303' title='bbox 182 3747 360 3813; x_wconf 88' lang='lat' dir='ltr'><strong>necessitas</strong></span> <span class='ocrx_word' id='word_1_304' title='bbox 382 3769 503 3833; x_wconf 83' lang='lat' dir='ltr'><strong>urgens</strong></span> <span class='ocrx_word' id='word_1_305' title='bbox 522 3747 618 3834; x_wconf 85' lang='lat' dir='ltr'><strong>juxta</strong></span> <span class='ocrx_word' id='word_1_306' title='bbox 642 3746 874 3812; x_wconf 89' lang='lat' dir='ltr'><strong>conscientiam</strong></span> <span class='ocrx_word' id='word_1_307' title='bbox 898 3753 1040 3809; x_wconf 87' lang='lat' dir='ltr'><strong>nostram</strong></span> <span class='ocrx_word' id='word_1_308' title='bbox 1063 3753 1203 3809; x_wconf 84' lang='lat' dir='ltr'><strong>svestra</strong></span> <span class='ocrx_word' id='word_1_309' title='bbox 1224 3764 1356 3809; x_wconf 88' lang='lat' dir='ltr'><strong>conver·</strong></span> 
     </span>
     <span class='ocr_line' id='line_1_36' title="bbox 65 3848 1357 3936; baseline -0.003 -20"><span class='ocrx_word' id='word_1_310' title='bbox 65 3853 192 3917; x_wconf 86' lang='lat' dir='ltr'><strong>satione</strong></span> <span class='ocrx_word' id='word_1_311' title='bbox 210 3851 351 3917; x_wconf 92' lang='lat' dir='ltr'><strong>abeundi</strong></span> <span class='ocrx_word' id='word_1_312' title='bbox 373 3850 551 3935; x_wconf 89' lang='lat' dir='ltr'><strong>advenerit,</strong></span> <span class='ocrx_word' id='word_1_313' title='bbox 576 3852 684 3916; x_wconf 90' lang='lat' dir='ltr'><strong>omnia</strong></span> <span class='ocrx_word' id='word_1_314' title='bbox 706 3850 816 3916; x_wconf 88' lang='lat' dir='ltr'><strong>debite</strong></span> <span class='ocrx_word' id='word_1_315' title='bbox 837 3852 922 3914; x_wconf 91' lang='lat' dir='ltr'><strong>inter</strong></span> <span class='ocrx_word' id='word_1_316' title='bbox 944 3871 1002 3914; x_wconf 90' lang='lat' dir='ltr'><strong>vos</strong></span> <span class='ocrx_word' id='word_1_317' title='bbox 1013 3848 1225 3936; x_wconf 88' lang='lat' dir='ltr'><strong>providimus,</strong></span> <span class='ocrx_word' id='word_1_318' title='bbox 1248 3870 1357 3936; x_wconf 86' lang='lat' dir='ltr'><strong>quam·</strong></span> 
     </span>
     <span class='ocr_line' id='line_1_37' title="bbox 63 3952 1356 4043; baseline -0.002 -22"><span class='ocrx_word' id='word_1_319' title='bbox 63 3954 122 4039; x_wconf 85' lang='lat' dir='ltr'><strong>diu</strong></span> <span class='ocrx_word' id='word_1_320' title='bbox 153 3955 330 4022; x_wconf 88' lang='lat' dir='ltr'><strong>subsistere</strong></span> <span class='ocrx_word' id='word_1_321' title='bbox 351 3957 535 4043; x_wconf 89' lang='lat' dir='ltr'><strong>potuimus;</strong></span> <span class='ocrx_word' id='word_1_322' title='bbox 560 3954 637 4019; x_wconf 92' lang='lat' dir='ltr'><strong>dum</strong></span> <span class='ocrx_word' id='word_1_323' title='bbox 659 3976 737 4020; x_wconf 91' lang='lat' dir='ltr'><strong>vero</strong></span> <span class='ocrx_word' id='word_1_324' title='bbox 760 3953 899 4041; x_wconf 90' lang='lat' dir='ltr'><strong>amplius</strong></span> <span class='ocrx_word' id='word_1_325' title='bbox 921 3975 1008 4017; x_wconf 92' lang='lat' dir='ltr'><strong>nunc</strong></span> <span class='ocrx_word' id='word_1_326' title='bbox 1029 3974 1096 4017; x_wconf 92' lang='lat' dir='ltr'><strong>non</strong></span> <span class='ocrx_word' id='word_1_327' title='bbox 1107 3975 1278 4039; x_wconf 89' lang='lat' dir='ltr'><strong>possumus</strong></span> <span class='ocrx_word' id='word_1_328' title='bbox 1300 3952 1356 4019; x_wconf 88' lang='lat' dir='ltr'><strong>ali·</strong></span> 
     </span>
     <span class='ocr_line' id='line_1_38' title="bbox 63 4058 1356 4147; baseline -0.003 -22"><span class='ocrx_word' id='word_1_329' title='bbox 63 4070 115 4125; x_wconf 91' lang='lat' dir='ltr'><strong>ter</strong></span> <span class='ocrx_word' id='word_1_330' title='bbox 137 4082 246 4147; x_wconf 85' lang='lat' dir='ltr'><strong>agere,</strong></span> <span class='ocrx_word' id='word_1_331' title='bbox 269 4061 303 4125; x_wconf 90' lang='lat' dir='ltr'><strong>iu</strong></span> <span class='ocrx_word' id='word_1_332' title='bbox 326 4060 417 4125; x_wconf 86' lang='lat' dir='ltr'><strong>abitu</strong></span> <span class='ocrx_word' id='word_1_333' title='bbox 438 4070 548 4125; x_wconf 90' lang='lat' dir='ltr'><strong>nostro</strong></span> <span class='ocrx_word' id='word_1_334' title='bbox 570 4080 685 4147; x_wconf 88' lang='lat' dir='ltr'><strong>paoem</strong></span> <span class='ocrx_word' id='word_1_335' title='bbox 706 4058 801 4125; x_wconf 88' lang='lat' dir='ltr'><strong>vobis</strong></span> <span class='ocrx_word' id='word_1_336' title='bbox 822 4058 941 4124; x_wconf 88' lang='lat' dir='ltr'><strong>bonam</strong></span> <span class='ocrx_word' id='word_1_337' title='bbox 965 4066 1164 4144; x_wconf 87' lang='lat' dir='ltr'><strong>exoptamus,</strong></span> <span class='ocrx_word' id='word_1_338' title='bbox 1196 4067 1228 4122; x_wconf 91' lang='lat' dir='ltr'><strong>et</strong></span> <span class='ocrx_word' id='word_1_339' title='bbox 1249 4058 1277 4122; x_wconf 91' lang='lat' dir='ltr'><strong>si</strong></span> <span class='ocrx_word' id='word_1_340' title='bbox 1297 4080 1356 4121; x_wconf 91' lang='lat' dir='ltr'><strong>ne·</strong></span> 
     </span>
     <span class='ocr_line' id='line_1_39' title="bbox 64 4160 1356 4249; baseline -0.005 -20"><span class='ocrx_word' id='word_1_341' title='bbox 64 4186 159 4229; x_wconf 89' lang='lat' dir='ltr'><strong>cesse</strong></span> <span class='ocrx_word' id='word_1_342' title='bbox 206 4163 288 4229; x_wconf 86' lang='lat' dir='ltr'><strong>foret</strong></span> <span class='ocrx_word' id='word_1_343' title='bbox 322 4171 355 4228; x_wconf 90' lang='lat' dir='ltr'><strong>et</strong></span> <span class='ocrx_word' id='word_1_344' title='bbox 376 4162 523 4245; x_wconf 90' lang='lat' dir='ltr'><strong>liberum,</strong></span> <span class='ocrx_word' id='word_1_345' title='bbox 557 4162 747 4249; x_wconf 90' lang='lat' dir='ltr'><strong>ampliorem</strong></span> <span class='ocrx_word' id='word_1_346' title='bbox 769 4162 917 4228; x_wconf 89' lang='lat' dir='ltr'><strong>notitiam</strong></span> <span class='ocrx_word' id='word_1_347' title='bbox 939 4161 1054 4226; x_wconf 91' lang='lat' dir='ltr'><strong>horum</strong></span> <span class='ocrx_word' id='word_1_348' title='bbox 1086 4163 1230 4227; x_wconf 90' lang='lat' dir='ltr'><strong>omnium</strong></span> <span class='ocrx_word' id='word_1_349' title='bbox 1262 4160 1356 4228; x_wconf 86' lang='lat' dir='ltr'><strong>vobis</strong></span> 
     </span>
     <span class='ocr_line' id='line_1_40' title="bbox 64 4265 1138 4357; baseline -0.005 -22"><span class='ocrx_word' id='word_1_350' title='bbox 64 4269 146 4335; x_wconf 89' lang='lat' dir='ltr'><strong>dare</strong></span> <span class='ocrx_word' id='word_1_351' title='bbox 168 4270 276 4357; x_wconf 85' lang='lat' dir='ltr'><strong>parati</strong></span> <span class='ocrx_word' id='word_1_352' title='bbox 299 4289 451 4334; x_wconf 86' lang='lat' dir='ltr'><strong>essemus.</strong></span> <span class='ocrx_word' id='word_1_353' title='bbox 495 4266 617 4332; x_wconf 90' lang='lat' dir='ltr'><strong>Datum</strong></span> <span class='ocrx_word' id='word_1_354' title='bbox 640 4288 725 4331; x_wconf 91' lang='lat' dir='ltr'><strong>anno</strong></span> <span class='ocrx_word' id='word_1_355' title='bbox 749 4274 782 4332; x_wconf 94' lang='lat' dir='ltr'><strong>et</strong></span> <span class='ocrx_word' id='word_1_356' title='bbox 804 4265 858 4332; x_wconf 88' lang='lat' dir='ltr'><strong>die</strong></span> <span class='ocrx_word' id='word_1_357' title='bbox 881 4266 1138 4353; x_wconf 88' lang='lat' dir='ltr'><strong>suprascriptis.</strong></span> 
     </span>
    </p>
   </div>
   <div class='ocr_carea' id='block_1_3' title="bbox 0 0 1480 5040">
    <p class='ocr_par' dir='ltr' id='par_1_4' title="bbox 0 0 1480 5040">
     <span class='ocr_line' id='line_1_41' title="bbox 0 0 1480 5040; baseline 0 0"><span class='ocrx_word' id='word_1_358' title='bbox 0 0 1480 5040; x_wconf 95' lang='lat' dir='ltr'><strong> </strong></span> 
     </span>
    </p>
   </div>
  </div>
 </body>
</html>
