2948 5040
1289 144 1355 218 289

58 335 129 381 non
158 314 201 381 sit
220 311 408 381 satisfacere
437 311 568 381 domino
601 333 660 381 suo
681 312 767 392 ideo,
789 333 832 382 ns
853 300 984 383 laedant
1006 314 1148 385 edictum
1179 317 1266 406 regis
1288 315 1353 386 Lu·

55 418 179 497 devici,
202 419 231 484 si
252 425 365 485 contre
393 416 475 484 illud
497 415 665 507 quaedam,
692 419 786 508 qnasi
807 441 867 485 rex
888 419 947 486 hic
970 421 1185 491 sufficientem
1206 430 1346 512 potesta·

58 535 126 589 tem
149 545 215 589 non
237 522 468 591 haberetcum
490 522 683 589 consiliariis
706 524 773 590 suis
808 523 890 591 haee
913 508 1033 612 agendi
1067 534 1100 593 et
1121 527 1227 596 edicto
1249 527 1355 602 affinis

55 629 110 694 sui
131 628 362 717 prospiciendi,
385 627 442 694 sed
466 627 552 716 quod
573 626 623 694 illi
646 628 706 694 s'oli
726 628 811 696 hanc
833 638 1024 717 potestatem
1045 630 1188 701 habeant
1208 634 1355 727 hispro·
1381 655 1384 661 ’

54 732 203 800 videndi.
248 731 396 799 Tandem
429 731 622 799 exeuntibus
655 732 874 821 Pragensibus
895 742 899 747 “
920 735 961 802 ab
994 736 1061 803 illis
1094 737 1234 831 dominis
1267 761 1356 807 com·

55 839 218 904 missariis
241 837 353 904 exules
386 839 520 905 seorsim
538 839 643 905 vocati
664 837 802 926 fuerunt,
824 838 881 906 ubi
911 841 1034 909 eisdem
1071 843 1179 909 omnia
1209 843 1357 923 intimata

55 951 143 1026 sunt,
162 942 257 1029 quale
278 964 471 1031 responsum
491 941 673 1030 Pragenses
695 943 853 1031 dederint,
878 967 961 1034 quae
989 947 1038 1014 illi
1053 946 1233 1034 audientes,
1265 970 1357 1017 asse·

56 1056 216 1116 vorarunt
227 1069 263 1114 se
273 1049 309 1114 in
331 1049 420 1116 nulla
441 1048 551 1115 haere
563 1069 693 1116 oausam
717 1071 798 1133 esse,
819 1051 903 1117 sicut
924 1050 1005 1119 alias
1017 1052 1058 1119 ab
1071 1054 1118 1119 eis
1139 1050 1261 1120 dictum
1282 1053 1354 1139 fuit,

56 1164 91 1221 et
114 1155 142 1218 si
163 1153 286 1243 aliquid
308 1153 431 1222 domini
453 1157 665 1224 commissarii
695 1155 736 1222 de
758 1155 823 1223 illis
846 1157 950 1224 sciant
978 1157 1108 1225 devium
1132 1168 1165 1225 ct
1198 1159 1357 1226 inhones-

56 1267 139 1343 tum,
174 1259 259 1347 quod
293 1282 328 1326 se
363 1259 511 1329 lubentes
544 1258 736 1330 correctioni
777 1261 938 1351 subjicere
959 1263 1072 1348 velint,
1100 1271 1149 1329 et'
1172 1260 1269 1352 quod
1291 1284 1359 1330 non

56 1371 185 1428 tantum
207 1365 243 1429 in
265 1367 352 1452 regis
376 1365 500 1433 domini
522 1371 582 1454 sui,
615 1391 728 1436 verum
752 1367 847 1435 etiam
870 1369 906 1434 in
934 1360 1227 1435 commissariorum
1250 1367 1357 1437 edicto

59 1468 239 1534 subsistere
262 1477 294 1534 et
316 1474 458 1542 conteuti
481 1494 552 1538 esse
575 1473 686 1559 velint,
709 1482 867 1563 petentes,
901 1482 937 1540 ut
965 1473 1047 1540 haec
1068 1474 1139 1561 regi
1162 1471 1358 1559 deferantur,

59 1572 148 1661 quod
170 1572 235 1639 illis
257 1574 354 1639 etiam
376 1575 532 1664 possibile
554 1600 620 1643 non
643 1579 685 1649 sit
706 1599 779 1644 cum
803 1576 941 1645 adversa
969 1586 1061 1667 parte
1083 1579 1263 1665 transigere
1286 1578 1357 1644 sine

57 1679 109 1743 sui
131 1675 275 1743 admisso
297 1678 437 1765 Pragam
465 1681 572 1746 reditu
604 1681 647 1748 ad
668 1681 755 1748 bona
785 1691 818 1747 et
849 1681 980 1769 negotia
1001 1704 1069 1768 sua,
1098 1682 1161 1749 hoc
1190 1682 1358 1767 addentes,

57 1781 146 1870 quod
169 1804 234 1848 non
256 1791 380 1849 tantum
402 1783 489 1850 bona
511 1808 578 1873 sua,
600 1808 713 1852 verum
736 1785 833 1852 etiam
855 1785 1020 1864 honorem,
1053 1787 1119 1852 imo
1141 1787 1242 1852 vitam
1264 1808 1357 1853 suam

56 1885 189 1953 domino
212 1910 270 1954 suo
291 1891 362 1976 regi
385 1888 503 1956 stillis
526 1890 667 1957 dominis
697 1892 926 1958 commissariis
947 1887 1244 1957 confidere.velint
1265 1889 1358 1957 Haec

54 1992 167 2080 itaque
196 1994 330 2059 actionis
361 2017 458 2062 causa
489 1997 605 2063 iterum
633 1996 811 2064 annihilata
842 1996 911 2063 fuit.
966 1995 1041 2062 Non
1073 2001 1122 2061 est
1159 1992 1357 2083 superfluum

54 2101 365 2167 rem'neoessariam
389 2103 518 2191 saepius
549 2112 696 2192 repetere
731 2111 763 2169 et
794 2122 961 2168 renovare.
1009 2099 1128 2166 Mirum
1157 2111 1206 2165 est
1231 2097 1274 2164 de
1305 2097 1357 2163 his

57 2204 198 2270 dominis
220 2200 448 2292 pragensibus,
481 2206 567 2295 quod
589 2207 660 2273 sine
682 2208 770 2274 omni
797 2203 995 2274 verecundia
1016 2203 1169 2295 injuriam
1200 2210 1233 2269 et
1254 2203 1356 2291 hypo·

61 2309 181 2396 crysim
203 2311 291 2376 omni
314 2318 459 2399 tempore
481 2314 550 2378 ausi
573 2314 695 2380 fuerint
715 2312 778 2379 sibi
801 2313 835 2378 in
858 2310 1016 2378 auxilium
1037 2330 1211 2393 assumere,
1248 2307 1357 2375 dicen·

62 2420 122 2496 tes,
150 2414 234 2502 quod
251 2415 323 2503 jam
344 2415 573 2484 resolutionem
609 2427 641 2485 et
662 2440 732 2484 rem
749 2415 931 2506 judicatam
952 2417 1078 2483 ratione
1098 2414 1314 2502 relegatorum
1336 2433 1357 2477 a

59 2540 137 2605 rege
158 2518 326 2587 Ludovico
356 2520 475 2588 editam
505 2524 703 2613 possideant,
737 2521 794 2590 ubi
824 2531 932 2590 tamen
959 2523 1031 2612 jam
1052 2517 1293 2587 antecedenter·
1315 2515 1357 2582 de

56 2625 110 2692 his
132 2628 167 2692 in
188 2628 291 2716 primo
314 2628 397 2696 libro
420 2631 509 2698 eirca
529 2629 628 2696 finem
662 2629 862 2696 sufficienter
883 2627 972 2695 dicta
1006 2627 1156 2712 fuerunt;
1186 2645 1274 2691 anne
1295 2620 1359 2689 hoc

55 2753 117 2819 pro
141 2731 259 2817 edicto,
284 2741 316 2800 et
336 2756 373 2800 re
391 2733 540 2823 judicata
563 2734 646 2801 sumi
667 2742 786 2824 potest,
809 2731 982 2800 autnon?
1008 2732 1086 2799 dum
1113 2752 1189 2821 pars
1220 2728 1360 2797 adversa

55 2839 296 2905 accusationem
320 2839 446 2905 occulte
479 2848 511 2906 et
533 2840 667 2906 seorsim
706 2839 824 2906 factam
859 2847 967 2926 negat,
993 2860 1040 2905 ex
1073 2830 1225 2906 omnibus
1252 2841 1359 2901 autem

59 2941 113 3008 his
147 2941 230 3008 illud
251 2945 393 3010 maxime
415 2943 642 3012 admirandum
677 2951 734 3028 est,
765 2943 852 3033 quod
887 2943 957 3021 sine
979 2942 1069 3009 omni
1091 2939 1285 3030 exceptione
1316 2935 1359 3003 de

59 3042 118 3112 illa
139 3067 175 3110 re
194 3046 341 3134 judicata
364 3048 462 3115 locuti
484 3049 612 3135 fuerint,
642 3046 881 3137 comprehendo
903 3046 938 3113 in
960 3045 1013 3113 his
1035 3044 1222 3129 indistincte
1244 3060 1357 3110 omnes

59 3150 233 3237 relegatos,
257 3161 290 3217 et
309 3175 375 3220 non
398 3153 590 3242 excipiendo
613 3175 776 3242 personas.
796 3138 900 3218 'Haeo
922 3151 1009 3218 enim
1031 3158 1082 3216 est
1105 3158 1194 3218 certa
1216 3154 1249 3215 et
1269 3146 1358 3213 clara

55 3261 187 3330 veritas.
213 3259 299 3344 quod
321 3260 467 3348 exceptis
490 3268 613 3349 septem
639 3259 805 3349 personis,
839 3258 956 3347 nempe
978 3255 1106 3323 Joanne
1127 3253 1269 3338 Eleusa,
1291 3251 1359 3318 Da·

55 3365 144 3430 niele
164 3365 304 3450 Rausoh,
340 3367 495 3453 magistro
522 3363 717 3432 Weneeslao
750 3362 912 3448 Daniele,
945 3362 1073 3430 ‚Ioanne
1100 3360 1260 3437 Erasmo,
1292 3376 1361 3423 ma·

56 3470 158 3558 gistro
180 3471 335 3560 Brykoio,
372 3470 507 3538 Nicolao
530 3469 651 3537 Schorf
668 3478 701 3535 et
720 3467 832 3536 Blasio
853 3468 1026 3559 pannifioo‚
1057 3466 1166 3535 nullus
1200 3466 1279 3533 alias
1317 3487 1361 3534 ex

57 3575 211 3662 relegatis
234 3585 311 3642 tuno
332 3598 488 3666 praesens
510 3576 615 3660 fuerit,
646 3570 775 3665 quando
798 3576 952 3664 princeps
975 3597 1049 3641 cum
1083 3568 1359 3640 civitatumable·

61 3682 146 3768 gatis
169 3681 316 3769 querelas
340 3683 495 3770 cujusque
516 3679 617 3770 partis
640 3679 827 3769 specialiter
847 3681 882 3746 in
905 3681 995 3746 curia
1010 3679 1080 3746 sine
1103 3679 1190 3746 omni
1211 3674 1358 3765 judicato

56 3785 191 3869 audivit,
212 3794 380 3874 praeterea
402 3808 464 3851 nec
486 3787 558 3874 ipsi,
579 3807 640 3852 nec
662 3786 747 3852 ullus
769 3784 852 3852 alius
869 3785 1050 3873 judicatus·
1070 3783 1140 3850 trit.
1184 3779 1254 3848 Imo
1284 3779 1361 3846 dum

58 3888 170 3957 omnes
192 3890 323 3956 insimul
352 3892 545 3978 petiverunt,
578 3898 611 3956 ut
643 3889 748 3956 audiri
763 3885 913 3980 possint,
958 3898 991 3956 et
1023 3888 1088 3954 suis
1107 3883 1363 3954 'accusatoribus

57 3995 265 4082 respondere,
289 3995 318 4059 si
340 3995 395 4082 qui
416 4002 605 4083 praesentes
626 3993 756 4079 fuerint,
791 4017 955 4084 nunquam
977 3992 1059 4060 illud
1090 3991 1242 4059 obtinere·
1269 3997 1362 4079 potu·

56 4109 160 4180 erunt,
183 4100 242 4165 sed
263 4098 421 4165 violenter
444 4122 486 4165 ex
507 4100 637 4166 civitate
659 4099 827 4167 discedere
843 4101 927 4190 jussi
960 4107 1043 4166 sunt.
1084 4095 1165 4182 Imo,
1197 4102 1271 4184 post
1307 4092 1363 4160 ha·

55 4205 157 4272 bitem
179 4228 199 4269 a
220 4205 368 4292 principe
390 4203 588 4269 audientiam
616 4203 717 4292 aliqui
747 4204 851 4293 primo
888 4211 963 4293 post
994 4202 1137 4292 quinque
1167 4200 1363 4290 quadrantes

57 4310 146 4387 anni,
181 4307 311 4397 quidam
333 4331 411 4375 vero
434 4317 507 4397 post
538 4308 755 4375 semialterum
778 4330 898 4374 annum
921 4307 1056 4373 admissi
1085 4305 1224 4390 fuerunt,
1256 4324 1360 4392 usquc

66 4413 144 4479 dum
167 4435 204 4479 eo
226 4412 358 4479 tandem
381 4415 575 4500 devenisset,
599 4412 727 4503 quando
750 4413 839 4479 citati
854 4413 985 4479 fluerunt
1005 4410 1047 4477 de
1063 4432 1148 4477 novo
1171 4432 1230 4498 per
1250 4409 1359 4495 regias

61 4517 173 4583 literas
197 4516 256 4584 sub
286 4521 398 4607 poenis
421 4519 616 4607 pecuniariis
638 4515 845 4603 notabilibus,
868 4514 961 4584 multi
984 4516 1073 4583 cives
1095 4515 1289 4601 Pragenses,
1323 4517 1360 4576 ut

62 4623 282 4689 testimonium
304 4624 482 4713 praebeant
515 4633 626 4692 contra
648 4631 753 4690 certas
775 4642 940 4713 personas,
976 4631 1008 4686 et
1031 4639 1107 4687 suos
1130 4619 1284 4685 concives
1318 4614 1361 4682 ob

63 4731 124 4799 has
147 4730 325 4805 discordias
346 4753 405 4822 per
427 4729 678 4821 supplicationes
690 4730 906 4815 insinuarunt,
928 4725 1018 4818 quod
1028 4721 1192 4816 possibile
1209 4743 1292 4788 nen
1308 4721 1376 4782 :sit
