2948 5040
131 134 201 241 [fill

133 342 199 386 non
226 308 381 400 manebit,
418 323 452 383 et
472 316 529 404 qui
549 314 691 403 loquitur
712 311 928 397 mendacium,
950 312 1081 403 peribit
1124 313 1302 403 Apostolus
1324 315 1427 383 dicit:

133 433 170 490 ut
201 443 298 488 omne
329 419 535 485 mendacium
557 417 757 505 deponatur,
780 424 813 481 et
832 419 1055 507 unusquisque
1076 420 1233 506 proximo·
1258 440 1320 487 suo
1342 420 1426 488 veri-

133 537 234 595 tatem
256 525 353 592 dicat
475 534 479 543 '
811 546 813 551 ·

219 631 284 696 Hic
315 650 394 694 vero
429 645 692 713 unumquemque
713 625 866 693 Vestrum
887 648 977 712 rogo,
999 635 1037 693 ut
1060 627 1141 693 mihi
1161 629 1197 695 in
1217 612 1344 696 malum
1366 651 1431 696 non

134 739 279 818 vertatis,
302 732 389 823 quod
411 739 477 797 tam
499 729 603 795 libere
633 729 675 795 de
697 729 824 795 Vestris
847 731 1035 797 mendaciis·
1048 731 1172 821 loquar,
1195 754 1279 822 qnae
1301 735 1380 801 Deo
1403 744 1432 801 et

134 840 287 910 omnibus
307 847 385 905 nota
399 846 493 919 sunt3
516 834 598 900 haec
619 835 706 899 enim
727 833 803 900 ideo
824 833 908 919 dico,
932 837 1008 924 quie
1030 858 1094 902 non
1118 860 1189 903 sum
1210 837 1351 927 logicus,
1376 839 1430 905 sed

136 945 276 1034 simplex
297 943 412 1024 laicus,
435 940 533 1006 etiam
556 960 739 1004 samonem
762 939 922 1006 adornare
944 942 1066 1026 nescio,
1091 942 1148 1008 sed
1190 944 1431 1032 simplicissime

135 1051 232 1139 loqui,
266 1048 353 1114 bona
385 1044 494 1110 dicere
531 1042 635 1120 bonis,
672 1052 706 1108 et
737 1043 823 1109 mala
863 1043 967 1109 malis.
1024 1045 1109 1129 Scio,
1143 1046 1220 1113 albo'
1242 1048 1379 1131 '¹album,
1403 1058 1432 1115 et

134 1154 233 1221 rubro
255 1152 399 1234 rubrum,
413 1148 556 1236 injuriae
578 1147 793 1231 mendacium,
816 1155 849 1212 et
880 1149 1010 1214 veritati
1041 1152 1224 1237 veritatem3
1258 1150 1305 1218 ita
1335 1152 1431 1218 hohe-

134 1262 219 1326 'mice
231 1307 240 1343 ,
273 1265 309 1322 ut
342 1275 434 1320 sacra
456 1261 548 1318 sonat
577 1253 744 1341 scriptura.
799 1251 835 1318 Si
868 1275 945 1320 vero
978 1255 1050 1342 quis
1084 1256 1186 1341 dicat,
1221 1278 1274 1323 me
1311 1257 1431 1324 debere

136 1363 303 1430 honestius
340 1380 418 1445 erga
447 1356 515 1422 Vos
551 1377 664 1442 gerere
704 1364 737 1422 et
772 1356 866 1422 aliter
902 1380 1009 1444 agere,
1047 1359 1128 1425 illud
1163 1362 1281 1425 iterum
1321 1366 1431 1428 nescio

136 1486 328 1558 proponere,
366 1485 408 1527 ne
453 1472 564 1526 contra
608 1460 799 1546 scripturam
835 1482 959 1535 sacram
997 1471 1029 1527 et
1061 1465 1292 1530 conscientiam
1328 1490 1433 1532 meam

136 1595 241 1660 agam,
266 1590 340 1636 cum
351 1567 419 1633 Vos
440 1565 571 1653 ipsimet
591 1564 685 1632 vobis
707 1565 909 1630 honestatem
931 1588 996 1631 non
1029 1569 1218 1654 procuretis,
1242 1569 1301 1634 sed
1339 1573 1432 1657 igno·

136 1679 280 1753 minium,
319 1674 500 1752 levitatem,
537 1670 774 1735 inhonestatem
811 1670 941 1757 ipsimet
976 1672 1011 1735 in
1033 1672 1099 1736 Vos
1136 1675 1286 1752 oneretie,
1309 1678 1430 1742 varias-

96 1822 99 1831 ·
136 1805 199 1869 que
221 1778 436 1869 turpitudines
466 1774 508 1839 de
542 1773 636 1840 vobis
658 1774 828 1860 detegatis,
852 1785 884 1839 et
905 1798 964 1862 per
984 1777 1182 1864 impudicum
1214 1780 1429 1858 mendacium,

136 1910 203 1953 non
240 1882 405 1972 sequendo
440 1878 620 1961 veritatem,
645 1878 732 1943 etin
764 1880 901 1943 veritate
935 1901 973 1944 ac
1014 1902 1111 1969 opere
1133 1881 1245 1947 Jesum
1267 1885 1431 1952 Christum

138 2002 170 2057 et
193 1992 262 2078 ejus
284 2009 379 2054 veros
402 1993 500 2049 testes
536 1991 568 2047 et
589 1981 703 2046 fideles
725 1987 854 2047 nuntios
889 1994 1016 2048 sanctos
1051 1988 1223 2073 apostolos,
1261 1990 1318 2078 qui
1359 1992 1432 2057 haee

137 2105 247 2184 agunt,
270 2092 361 2180 digni
377 2099 451 2155 sunt
463 2089 553 2153 vario
570 2097 765 2172 contemptu.
788 2089 972 2176 Antequam
988 2100 1094 2156 autem
1111 2091 1176 2156 Vos
1199 2092 1281 2159 haec
1294 2096 1384 2162 mala
1404 2106 1432 2162 et

139 2201 367 2270 christianitati
401 2197 550 2285 opposita
585 2195 829 2278 terminassetis,
854 2197 926 2284 jam
963 2196 1027 2262 alia
1048 2199 1161 2286 pejora
1183 2201 1368 2286 incepistis,
1401 2214 1431 2268 ut

139 2310 288 2376 homines
322 2302 436 2369 fideles
459 2323 524 2365 non
546 2302 680 2363 tantum'
695 2299 855 2366 alimentis
879 2310 911 2365 et
931 2300 1026 2366 bonis
1050 2324 1159 2367 eorum
1197 2308 1427 2394 corporalibus,

136 2435 250 2481 verum
280 2410 378 2475 etiam
401 2428 512 2472 eorum
534 2403 664 2490 optimis
685 2413 718 2470 et
738 2406 992 2492 pretiosissimis,
1015 2427 1134 2495 nempe
1155 2410 1341 2498 animabus,
1375 2415 1422 2479 ia-

138 2540 201 2606 que
222 2518 290 2582 vita
312 2522 444 2579 aeterna
463 2509 613 2596 privetis.
1023 2580 1026 2585 ,

227 2621 256 2688 Ο
280 2619 392 2687 Galle!
416 2636 500 2705 quae
522 2613 603 2700 agis,
628 2632 711 2700 quae
733 2632 848 2677 causas
870 2635 958 2679 nunc
979 2637 1053 2680 cum
1078 2619 1142 2684 tuis
1165 2622 1364 2710 sequacibus
1384 2644 1430 2712 po

138 2727 216 2817 pulo
237 2724 327 2793 fideli
350 2732 384 2789 et
403 2718 580 2801 innocenti,
604 2739 666 2805 quo
688 2716 845 2804 populum
865 2717 952 2785 hunc
974 2718 1066 2787 ducis
1099 2732 1132 2789 et
1153 2724 1195 2790 ad
1221 2749 1305 2815 quae
1337 2730 1432 2817 cogis,

137 2853 256 2921 nempe
291 2853 313 2896 a
341 2831 478 2897 veritate
500 2826 634 2909 Christi,
668 2822 710 2890 ad
732 2822 903 2888 mendacia
939 2827 1141 2914 Antichristi,
1176 2853 1197 2896 a
1217 2831 1284 2899 fide
1306 2834 1375 2901 Dei
1402 2836 1434 2900 in

135 2936 361 3003 infidelitatem
391 2943 423 3000 et
445 2954 569 3000 errores
591 2940 664 2996 tuos
683 2927 879 2994 immanes?
924 2930 1006 3012 Quis
1042 2957 1185 3025 unquam
1221 2937 1351 3006 audivit
1383 2949 1435 3007 aut

138 3041 219 3129 legit
240 3041 274 3106 in
295 3061 388 3106 sacra
410 3040 571 3126 scriptura
593 3043 625 3100 et
658 3041 851 3099 testamento
884 3056 923 3100 ac
944 3035 1017 3124 lege
1038 3038 1104 3105 Dei
1137 3042 1215 3108 talia
1245 3055 1435 3131 argumenta

139 3155 172 3212 et
193 3145 353 3233 exempla,
377 3142 462 3233 quod
484 3144 531 3209 ita
565 3138 703 3227 apostoli
740 3148 906 3206 eteorum
935 3140 1049 3209 fideles
1090 3167 1246 3232 sequaces
1276 3150 1434 3217 correxis-

138 3260 212 3318 sent
234 3263 267 3318 et
288 3250 498 3316 reduxissent
518 3243 678 3327 infideles,
701 3242 757 3309 vel
778 3243 812 3307 in
834 3243 900 3310 fide
934 3258 1087 3333 errantes,
1112 3251 1195 3318 sicut
1232 3252 1300 3319 Vos
1336 3255 1433 3342 agitis

138 3355 174 3420 in
196 3355 389 3421 consistorio
400 3352 529 3427 Vestro,
540 3371 617 3431 non,
634 3356 670 3413 ut
682 3355 826 3412 ementes
842 3356 876 3413 et
886 3349 1036 3417 infideles
1051 3356 1220 3444 corrigatis
1235 3366 1268 3423 et
1283 3360 1433 3427 emende-

138 3460 190 3543 tis,
214 3458 272 3525 sed
293 3469 330 3525 ut
343 3478 437 3524 veroa
461 3464 493 3523 et
503 3452 617 3521 fideles
629 3451 822 3518 christianos
835 3474 857 3517 a
868 3454 944 3520 viva
959 3468 992 3523 et
1006 3480 1085 3525 vera
1094 3460 1160 3528 fide
1172 3462 1354 3551 seducatis3
1370 3487 1433 3531 non

137 3562 317 3647 admittitis,
334 3562 392 3630 sed
406 3559 570 3650 impeditis
585 3556 660 3623 illos
679 3555 909 3623 credereveris
923 3569 955 3625 et
969 3565 1066 3629 certis
1082 3564 1204 3634 Christi
1214 3567 1349 3634 Domini
1365 3592 1433 3636 ver·

139 3665 200 3752 his,
225 3668 335 3735 sensui
356 3664 502 3754 ejusdem
524 3684 603 3730 vero
624 3662 658 3726 in
680 3659 853 3727 traditione
865 3671 897 3728 et
918 3666 1119 3737 institutione
1140 3675 1175 3738 in
1197 3694 1297 3739 coena
1320 3675 1433 3742 ultima

138 3772 283 3870 semoris
316 3781 349 3842 et
379 3769 545 3858 sanguinis
580 3767 630 3833 sui
652 3765 847 3831 sanctissimi
869 3768 904 3833 in
926 3776 1112 3840 memoriam
1148 3779 1260 3844 mortis
1285 3788 1375 3864 suae,
1405 3784 1434 3846 et

137 3883 282 3952 omnium
290 3878 523 3946 beneficiorum
537 3892 667 3939 suorum
681 3868 724 3935 ad
739 3868 870 3956 dignam
887 3874 991 3942 solum
1005 3885 1263 3948 communionem
1275 3892 1309 3948 et
1322 3906 1433 3973 sump-

137 3992 258 4055 tionem
271 3984 331 4052 suh
345 3993 481 4072 utraque
493 3978 613 4066 specie,
626 3983 722 4065 prout
733 3984 797 4041 tres
810 3982 1040 4069 evangelistae,
1057 3997 1089 4053 et
1104 3996 1237 4075 quartus
1268 3989 1433 4074 apostolus

138 4099 269 4159 sanctus
304 4087 423 4155 Paulus
454 4085 496 4150 de
527 4084 591 4150 hoc
627 4083 846 4149 testimonium
868 4086 1022 4173 tribuunt,
1060 4113 1176 4180 nempe
1198 4092 1232 4158 S.
1261 4092 1432 4160 Mathaeus

137 4197 191 4279 26,
213 4195 342 4260 Marcus
357 4193 408 4271 14,
431 4190 538 4255 Lucas
560 4191 623 4271 22,
645 4187 821 4275 Apostolus
845 4191 874 4255 1.
898 4189 1042 4261 Corinth.
1067 4195 1117 4260 11.
1148 4217 1218 4284 cap.
1250 4194 1296 4262 Hi
1330 4198 1434 4264 sancti

13 4368 21 4378 ,
138 4299 338 4387 scripserunt
359 4296 400 4363 de
421 4294 624 4361 institutione
646 4295 839 4359 sacramenti
872 4298 1015 4384 corporis
1046 4309 1078 4366 et
1109 4302 1276 4387 sanguinis
1309 4299 1432 4371 Christi

136 4405 222 4474 «lesu
241 4407 277 4473 in
299 4396 752 4487 coenaverbissimplicibus3
765 4398 922 4465 itaetiam
943 4402 1056 4470 fideles
1079 4404 1224 4488 credunt,
1260 4413 1293 4471 et
1320 4414 1432 4474 tenent

136 4513 219 4578 haec
252 4511 367 4584 omnia,
400 4508 469 4573 sine
491 4507 579 4571 omni
599 4503 765 4570 additione
787 4514 842 4570 aut
862 4507 1105 4594 imminutione;
1146 4509 1181 4575 hi
1214 4532 1329 4577 omnes
1367 4533 1431 4578 non

12 4664 15 4675 .
137 4615 355 4694 dimetiuntur,
378 4632 440 4679 nec
461 4612 610 4693 limitent,
632 4608 692 4675 sed
713 4610 849 4677 credunt
869 4615 977 4681 verbis
1000 4614 1122 4681 Christi
1156 4614 1300 4698 Domini,
1333 4615 1431 4682 Vobis

138 4741 219 4788 raro
238 4742 304 4791 non
327 4719 489 4787 sufficiunt
511 4717 613 4787 verba
635 4715 767 4801 Christi,
789 4719 847 4786 sed
870 4723 978 4788 omnia
999 4721 1211 4788 emensuratia
1239 4719 1431 4807 profundius
