2948 5040
50 345 208 404 constans
229 340 387 420 maneret,
423 334 510 424 quod
537 344 648 402 mente
673 336 787 422 gessit,
820 335 1009 425 rehnquens
1040 336 1219 406 Lutherum
1254 350 1287 407 et
1306 343 1353 407 in·

20 445 252 509 ‘contrarium
292 441 398 508 eidem
438 441 634 528 loqueretur.
673 439 920 529 Quamprimum
949 463 1028 507 vero
1057 441 1099 509 ab
1127 442 1185 510 illo
1212 443 1342 529 redivit,

52 546 181 634 adjuvit
203 546 351 629 eundem,
385 556 420 610 et
440 546 471 610 ei
492 544 627 628 adstitit,
671 567 745 610 eum
767 545 958 624 dilaudavit,
994 548 1186 613 consocians
1210 568 1246 613 se
1267 570 1343 615 curn

54 650 204 739 ejusdem
226 650 387 736 dogmate,
411 659 444 715 et
465 657 677 714 contemnens
700 649 873 733 ecclesiam
896 650 1075 716 Romanam
1098 671 1172 716 cum
1191 650 1344 738 dogmate

53 755 134 840 ejus.
158 754 307 820 Tandem
328 776 407 821 vero
431 753 545 841 primo,
568 775 631 840 quo
653 753 792 841 populus
814 753 1229 845 Pragensisinolinabatur‚
1254 764 1287 821 et
1300 754 1343 823 ad

53 881 139 945 quae
161 859 318 947 proclivis
342 867 420 940 erat,
450 858 511 923 illa
532 859 658 924 locutus
680 858 750 941 fuit,
784 860 906 944 etegit
928 859 1184 947 omnitempore
1205 858 1248 925 ob
1269 882 1342 926 res·

56 972 189 1053 pectam
212 956 389 1046 hominum,
411 985 471 1050 pro
490 963 657 1029 voluntate
670 984 798 1029 eorum.
832 962 887 1027 Ex
908 962 1026 1049 quibus
1048 984 1245 1048 cognoscere
1268 965 1341 1052 jam

55 1070 191 1156 poteris,
224 1090 307 1155 quae
329 1068 416 1133 bona
438 1053 568 1133 efficere
595 1069 737 1155 potuerit
772 1067 846 1134 talis
868 1069 1058 1134 temerarius
1077 1077 1222 1154 vagator.
1254 1068 1340 1145 Nam

42 1228 45 1232 ,
54 1176 156 1262 juxta
177 1172 299 1239 dictum
322 1172 490 1239 Cratonis:
513 1173 623 1260 Turpe
646 1180 703 1254 est,
738 1164 887 1260 sibiipsi
909 1172 1142 1254 contradidere,
1174 1170 1231 1239 ille
1252 1173 1341 1239 enim

56 1278 141 1343 nulli
163 1277 318 1366 proderit,
340 1279 396 1365 qui
418 1277 481 1342 sibi
504 1277 684 1342 contrarius
708 1284 767 1342 est.
790 1276 883 1343 Haec
904 1277 970 1345 ille.

147 1380 300 1446 Tandem·
316 1391 391 1469 post
412 1381 496 1446 haec
518 1381 626 1445 omnia
648 1382 736 1446 circa
758 1381 875 1448 festum
905 1380 1143 1448 Purificationis
1164 1389 1242 1446 tunc
1274 1381 1340 1445 im-

54 1478 197 1569 minens,
209 1470 244 1550 in
260 1508 437 1572 congressu
446 1487 589 1551 omnium
600 1494 739 1553 statuum
748 1485 949 1571 subatraque
961 1486 1080 1574 specie,
1103 1484 1215 1572 dequo
1233 1492 1342 1549 actum

52 1591 163 1657 fuitin
177 1590 259 1656 libro
271 1591 385 1676 primo,
409 1589 616 1656 advertentes
627 1613 741 1656 omnes
762 1601 874 1674 status,
897 1593 931 1657 in
953 1613 1050 1677 quam
1071 1589 1226 1678 proclivis
1239 1588 1346 1655 fuerit.¹

54 1703 186 1782 partem
204 1697 302 1782 juxta
323 1696 470 1783 ejusdem
499 1696 586 1761 vitae
619 1697 773 1784 speciem,
802 1695 990 1783 judicantes
1017 1696 1110 1762 illum
1138 1697 1208 1764 fors
1235 1697 1340 1764 filium

59 1799 166 1888 pacis,
197 1807 230 1864 et
251 1821 317 1864 non
339 1807 555 1884 agnoscentes
577 1821 740 1866 venenum
761 1801 933 1884 occultum,
963 1800 1238 1869 confirmaverunt
1267 1824 1343 1869 eum

55 1904 96 1968 in
118 1903 426 1987 administratorem,
449 1902 492 1968 ad
515 1904 602 1989 quod
617 1904 767 1969 officium
790 1926 826 1969 se
846 1905 966 1993 injuste
988 1915 1020 1971 et
1040 1905 1216 1972 infideliter
1245 1907 1346 1975 intru-

55 2009 110 2091 sit,
135 2017 168 2073 ct
187 2018 359 2095 postquam
378 2010 449 2096 jam
471 2008 616 2095 perfecte
639 2009 784 2090 officium
805 2010 868 2074 hoc
889 2010 938 2076 illi
960 2010 1113 2075 traditum
1133 2008 1258 2093 fuisset,
1278 2032 1347 2076 sus·

55 2113 146 2199 cepit
168 2113 265 2177 etiam
287 2112 476 2200 parochiam
488 2096 680 2200 Teynensis
694 2114 864 2191 ecclesiae,
886 2113 943 2179 ubi
966 2122 1051 2180 totus
1073 2113 1266 2179 reformatus
1275 2114 1345 2199 fuit,

54 2225 98 2280 et
118 2216 201 2302 quod
232 2227 329 2282 antea
351 2218 386 2281 in
415 2216 472 2282 illo
496 2217 659 2282 occultum
681 2216 812 2300 latebat,
845 2217 926 2283 illud
949 2220 1135 2286 successive
1168 2222 1204 2285 in
1238 2221 1345 2287 lucem

62 2319 190 2406 prodiit,
211 2343 338 2408 negans
361 2323 479 2404 omnia,
502 2345 586 2407 quae
608 2318 840 2388 antecedenter
851 2322 892 2389 de
913 2324 1069 2390 Romanis
1091 2325 1344 2392 etoontrahanc

61 2423 172 2491 sedem
186 2424 312 2490 locutus
328 2424 443 2516 fuerat,
464 2448 556 2492 more
577 2427 780 2515 Rokycnani,
802 2450 841 2494 ao
865 2437 977 2507 contra
1000 2438 1166 2517 suspectos
1188 2431 1346 2499 Piclrhar·⁸

57 2538 110 2595 tos
134 2530 204 2594 sine
234 2530 301 2595 ulla
324 2552 435 2603 eorum
456 2553 648 2618 praegressa
669 2531 767 2618 culpa
787 2554 824 2596 se
842 2535 1027 2617 convertit,
1064 2537 1099 2600 in
1132 2536 1265 2603 eosdem
1300 2559 1344 2603 ex

58 2636 150 2700 omni
171 2643 265 2723 parte
297 2635 501 2722 impudenter
522 2636 708 2720 fulminans,
742 2637 923 2702 mendaciis
950 2636 1098 2725 turpibus
1130 2663 1165 2706 se
1194 2663 1344 2725 onerans,

57 2748 92 2804 et
114 2740 151 2804 in
175 2761 211 2805 se
239 2741 348 2827 ipsum
370 2763 548 2827 assumens,
565 2762 571 2767 ·
587 2744 632 2807 ita
653 2751 690 2808 ut
710 2741 802 2808 illum
831 2742 968 2829 quilibet
996 2743 1152 2810 admirari
1182 2745 1342 2829 debuerit,

59 2866 137 2909 eum
159 2845 206 2908 ita
227 2867 326 2931 agere
348 2854 500 2932 respectu
521 2848 637 2934 prioris
660 2846 748 2912 modi
771 2848 936 2929 contrarii,
960 2846 1015 2912 ille
1039 2850 1125 2914 enim
1147 2849 1271 2916 Gallus
1285 2849 1344 2915 ubi

57 2947 257 3015 benedicere
279 2948 455 3029 debuisset,
495 2950 667 3016 maledixit
687 2950 808 3038 populo
829 2951 956 3016 sincero
978 2951 1104 3018 devoto.
1141 2953 1234 3019 Deus
1266 2976 1344 3019 voro

57 3054 169 3120 noscit
191 3053 290 3120 corda
311 3054 491 3138 hominum,
525 3055 583 3120 ille
606 3055 693 3120 solus
715 3057 852 3139 noverit,
886 3077 945 3120 cur
964 3057 1107 3123 animum
1121 3059 1202 3145 ¹ojus
1231 3059 1347 3123 immu-

62 3160 186 3226 taverit
223 3168 255 3225 et
284 3182 342 3225 cur
375 3161 525 3248 spiritum
554 3159 745 3224 mendacem
776 3162 812 3225 in
834 3182 870 3226 os
895 3160 1042 3249 ejusdem
1073 3161 1250 3227 immiserit.
1284 3162 1351 3228 Hio

60 3262 185 3328 factum
219 3263 281 3328 fuit
301 3266 336 3328 iu
358 3266 554 3331 contrarium
576 3263 755 3352 prophetae
776 3264 921 3342 Balaam,
955 3266 1009 3351 qui
1043 3265 1119 3330 dum
1138 3265 1348 3337 ‚maledicere

63 3367 188 3454 populo
209 3366 275 3432 Dei
296 3367 472 3451 debuisset,
494 3369 669 3439 mandante
691 3390 768 3454 rege
783 3368 896 3452 Balao,
922 3369 1092 3435 benedixit
1113 3369 1254 3457 eisdem5
1288 3371 1345 3438 ille

64 3482 176 3535 autem
197 3471 233 3536 id
255 3471 349 3538 aliter
369 3473 541 3537 immutare
562 3496 628 3538 non
650 3474 764 3560 potuit,
800 3494 861 3537 neo
882 3483 1014 3560 propter
1044 3473 1139 3558 dona,
1177 3496 1260 3560 quae
1291 3475 1342 3540 illi

66 3597 130 3641 rex
151 3576 360 3662 promiserat,
382 3577 437 3652 bio
459 3601 548 3662 vero,
571 3586 605 3643 ut
624 3577 808 3647 intellectus
831 3580 989 3643 humanus
1012 3599 1129 3665 capere
1146 3579 1260 3666 potuit,
1283 3600 1342 3664 pro
1452 3618 1457 3628 ·

63 3681 187 3765 exigua
208 3703 267 3768 spe
290 3681 422 3748 honoris
456 3694 488 3748 et
511 3703 614 3748 vanae
637 3681 742 3747 laudis
764 3682 935 3765 humanae,
969 3704 1008 3747 ac
1043 3681 1085 3747 ob
1115 3704 1206 3769 spem
1238 3685 1353 3770 cpisco-

53 3796 155 3871 patus
189 3785 379 3851 Bohemiae²
393 3787 568 3875 abnegavit
589 3788 760 3853 veritatem
781 3787 865 3872 legis
887 3787 962 3868 Dei,
998 3785 1196 3851 maledicens
1218 3785 1352 3873 populo,

60 3888 128 3974 ipsi
142 3887 216 3953 Deo
238 3891 314 3955 vivo
338 3900 370 3955 et
390 3913 479 3975 ver0,
503 3892 614 3979 quiin
637 3890 738 3955 coelis
762 3899 819 3972 est,
843 3889 973 3954 addicto
997 3899 1029 3954 ot
1049 3890 1198 3955 inimicis
1214 3889 1279 3954 Dei
1293 3889 1352 3956 bc·
1443 3875 1446 3880 ⁸

62 3991 201 4057 nedixit
223 3994 307 4059 Nam
330 3997 385 4082 qui
414 4004 525 4081 pastor
547 3997 657 4060 ovium
680 4017 753 4059 esse
776 3993 897 4077 debuit,
923 3995 1176 4060 conversusiuit
1189 3995 1223 4059 in
1240 3993 1351 4081 lupum

62 4118 218 4183 rapacem
252 4108 284 4163 et
316 4100 490 4166 immanem
513 4109 696 4187 tyrannum,
728 4099 913 4163 innocentis
936 4099 1069 4165 humani
1092 4099 1259 4185 sanguinis
1281 4098 1346 4164 avi·
1395 4126 1410 4139 „

62 4200 152 4268 dum.
185 4202 293 4291 Hujus
315 4214 424 4284 autem
445 4205 543 4270 totius
567 4203 709 4291 exempli
732 4213 957 4288 argumentum
979 4205 1015 4268 in
1037 4226 1072 4268 se
1095 4205 1167 4291 ipso
1191 4200 1351 4286 exhibuit,

63 4314 212 4393 tempore
235 4309 285 4372 sui
306 4309 473 4394 regiminis
497 4308 599 4373 solum
621 4309 697 4374 huic
717 4306 921 4391 incumbens,
955 4316 992 4381 ut
1024 4309 1060 4371 in
1081 4305 1231 4372 ambonis
1262 4303 1345 4371 nihil

62 4408 155 4474 aliud
177 4411 305 4489 efficiat,
341 4423 372 4477 et
394 4435 460 4478 non
489 4412 582 4477 aliter
626 4420 784 4496 aegerat,
821 4434 916 4499 quam
940 4413 1023 4478 sicut
1052 4411 1189 4477 bellicus
1222 4409 1354 4475 tubicen

64 4516 237 4580 consuevit
258 4518 436 4581 exereitum
459 4515 502 4581 ad
523 4539 614 4582 arma
634 4523 667 4580 et
689 4513 875 4580 conflictum
908 4539 1096 4602 convocare,
1120 4515 1215 4582 etad
1237 4513 1355 4578 caedes

64 4617 203 4684 incitare
233 4642 273 4685 ac
295 4621 458 4702 animare;
480 4620 526 4683 ita
547 4621 603 4687 ille
624 4642 691 4684 non
701 4618 853 4684 sacerdos
875 4618 998 4685 Christi
1020 4621 1079 4686 sed
1101 4627 1208 4686 custos
1232 4628 1263 4682 et
1274 4616 1356 4703 vigil

65 4723 202 4811 diaboli,
222 4725 258 4791 in
279 4724 343 4792 hoc
364 4721 522 4793 sollicitus
549 4723 620 4805 fuit,
652 4733 689 4792 ut
708 4722 864 4817 populum
896 4733 1014 4793 contra
1035 4725 1188 4795 inuicem
1211 4722 1381 4798 mussan,
