2948 5040
1314 171 1364 243 ’15

62 320 156 420 opud
165 322 277 417 regem
287 320 515 413 wladislaum,
536 329 706 398 sedetiam
722 333 811 421 apud
823 334 969 422 ejusdem
980 334 1083 405 lilium
1095 358 1209 424 rogem
1218 338 1362 413 Ludovi·

66 456 153 519 eum,
174 436 209 501 in
231 434 376 501 adventu
398 453 517 521 nempe
539 434 646 522 hujus,
669 437 746 524 quia
778 445 881 506 status
903 440 1011 507 oivilis
1032 462 1162 531 semper
1183 464 1259 511 eum
1282 468 1362 536 sege

65 539 136 607 solo
149 562 257 626 agere,
281 549 314 605 et
326 539 368 606 ab
385 539 500 607 eodem
516 539 615 626 dirigi
629 539 771 625 volebat,
793 565 834 611 ao
847 566 868 609 a
878 544 968 611 nullo
989 545 1066 616 alio.
1087 547 1182 634 Item,
1204 548 1293 640 quod
1313 552 1363 627 eis

63 647 102 712 in
125 646 275 731 gratiam,
293 645 371 733 jura
392 653 426 713 et
446 644 615 712 libertates
637 667 714 711 suas
736 646 862 733 oiviles,
891 658 990 737 prout
1009 649 1060 719 illi
1081 661 1184 721 statue
1204 664 1354 743 praeten-

63 750 197 836 debant,
220 751 339 818 sedere
359 751 551 838 noluerunt3
580 763 612 821 et
632 776 707 823 eum
728 776 792 823 neo
812 778 914 825 unum
934 779 1042 847 noque
1062 759 1201 828 alterum
1222 763 1353 833 eilioere

63 878 140 921 sum
161 855 228 921 illis
250 857 425 943 potuerint,
456 859 575 925 mirum
595 862 631 926 in
652 861 785 928 modum
808 862 890 929 eitra
911 883 1005 951 spem
1024 861 1202 933 humanam
1221 867 1352 937 fortuna

68 961 156 1027 inter
177 960 253 1027 illos
275 961 478 1048 versabatur,
502 987 620 1053 exque
632 967 776 1034 amioitio
796 967 989 1052 interillos,
1012 969 1162 1037 similiter
1183 971 1364 1041 sioutinter

67 1065 237 1133 Herodem
260 1075 294 1132 et
314 1067 455 1134 Pilatum
476 1070 608 1158 prodiit,
626 1094 709 1160 quae
721 1071 1032 1161 quidPragensibus
1053 1078 1246 1161 causaverit,
1268 1076 1363 1147 brevi

62 1170 210 1257 dicetur3
232 1192 309 1237 nam
332 1194 376 1239 ex
395 1172 454 1239 tali
475 1176 620 1242 amicitia
651 1176 782 1244 illorum
813 1178 900 1243 inter
927 1175 1003 1244 illos
1023 1178 1167 1246 invicem
1189 1179 1306 1250 seditio
1328 1189 1362 1249 at

63 1275 222 1342 tumultus
243 1276 443 1366 infrascripti
464 1280 592 1368 Pragae
614 1283 721 1349 exorti
743 1290 828 1365 sunt,
851 1280 978 1347 ethaeo
999 1281 1251 1357 diseordiaeum
1268 1294 1354 1353 statu

65 1380 160 1447 oivili
180 1383 329 1449 oessavit
374 1381 490 1471 Itaque
512 1385 594 1452 haee
615 1386 693 1452 unio
715 1386 891 1473 Pragensis
912 1384 1050 1451 statibus
1070 1386 1137 1453 illis
1159 1386 1286 1457 duobus
1304 1391 1353 1459 in·

61 1483 246 1551 tolerabilis
266 1485 338 1570 fnit,
368 1487 415 1552 ita
436 1488 524 1576 quod
546 1492 604 1576 eis,
634 1492 831 1568 praesertim
859 1489 993 1558 domine
1019 1490 1110 1575 Low,
1142 1500 1258 1561 eontra
1278 1514 1354 1563 tuos

63 1587 272 1656 advenarios
292 1588 379 1657 bene
402 1594 562 1663 servierit.

617 1848 765 1917 CAPUT
787 1852 818 1918 4.

63 1973 210 2039 Continet
239 1974 401 2039 dissidium
430 1985 556 2058 propter
578 1987 735 2059 computus
757 1983 787 2037 et
807 1978 966 2039 ratiocinia
986 1996 1005 2038 s
1027 1977 1148 2039 domino
1169 1979 1246 2041 Lew
1267 1980 1359 2061 depo·

62 2064 187 2127 nendos.
227 2064 277 2125 De
307 2065 463 2127 Kestroun
496 2067 654 2147 pannifice.
697 2066 746 2125 De
766 2065 895 2142 prandio
916 2059 981 2145 regi
1002 2063 1161 2125 Ludovieo
1183 2085 1202 2127 a
1223 2066 1358 2146 Progen-

64 2150 150 2211 ssssus
171 2148 202 2210 in
224 2151 310 2213 ouria
331 2160 448 2233 pareto,
482 2163 510 2214 et
532 2156 570 2214 de
591 2155 673 2228 ludo,
704 2173 739 2214 ao
763 2151 927 2212 certamine
949 2150 1088 2229 equestri.
1132 2150 1181 2212 De
1207 2153 1358 2233 ademptis

286 2258 398 2319 aroge
420 2239 600 2317 quibusdam
622 2240 710 2320 regni
732 2235 851 2315 offioiis,
874 2247 905 2300 et
927 2239 998 2301 aliis
1019 2237 1148 2299 collatis.

149 2419 281 2487 Interea
301 2441 457 2508 magnum
480 2420 653 2488 dissidium
675 2431 824 2489 exortum
845 2421 908 2488 luit
927 2422 1014 2488 inter
1035 2442 1149 2488 omnes
1167 2427 1235 2489 tres
1245 2426 1357 2501 status,

63 2520 200 2612 propter
220 2533 392 2613 eomputus
414 2525 538 2593 domini
558 2526 649 2605 Low,
671 2529 798 2593 ratione
812 2526 998 2595 debitorum
1008 2527 1183 2613 regiorum,
1205 2534 1240 2614 et
1259 2524 1358 2591 totius

60 2627 167 2714 regni,
199 2649 284 2717 qnae
315 2629 426 2697 debita
446 2653 483 2698 se
505 2630 727 2698 extendebant
747 2630 833 2698 ultra
853 2631 996 2715 300,000
1029 2629 1226 2716 Misnenses,
1247 2627 1357 2697 admo·

62 2742 192 2819 nentes,
214 2741 249 2800 et
268 2740 417 2823 petentes
438 2733 480 2801 ab
504 2734 621 2802 eodem
642 2734 774 2802 domino
795 2735 885 2819 Low,
921 2741 959 2800 ut
986 2741 1156 2824 computus
1177 2732 1221 2801 de
1241 2754 1358 2821 aooep·

59 2840 105 2906 tis
117 2839 318 2928 etexpositis
339 2841 420 2926 regi,
443 2849 477 2906 et
497 2841 559 2907 toti
578 2861 680 2926 regno
702 2838 851 2905 ordinate
872 2837 1033 2926 deponat;
1056 2837 1113 2905 ille
1133 2858 1214 2905 sero
1234 2857 1353 2903 renue·

61 2940 122 3009 bat
141 2942 176 3008 id
205 2943 332 3029 faeere,
365 2944 478 3010 dioens
509 2966 545 3009 se
567 2944 780 3034 quietantiam
801 2964 899 3031 super
924 2941 1008 3007 baso
1028 2964 1049 3006 a
1069 2963 1149 3028 rege
1170 2938 1354 3009 Wladialao

60 3049 369 3116 saoraememoriae
390 3047 577 3115 obtinuisse
621 3046 732 3115 Status
752 3056 862 3114 autem
875 3044 1125 3134 perpendentes,
1148 3043 1228 3135 quid
1247 3042 1359 3113 debito

41 3160 122 3219 -aut
139 3152 286 3221 indebite
306 3153 373 3237 liat,
395 3153 569 3220 noluerunt
590 3173 663 3218 esse
685 3152 838 3236 uertenti,
861 3149 1018 3234 dieentes,
1048 3148 1136 3238 quod
1164 3149 1264 3219 otiam
1277 3146 1352 3221 illos

41 3257 244 3345 oportebat,
279 3258 321 3325 de
354 3257 405 3324 lis
428 3257 633 3346 eomputibus
665 3258 767 3341 seire3
800 3255 878 3323 bino
900 3255 1054 3324 exomni
1075 3261 1266 3340 pertesum
1286 3250 1358 3321 adi·

61 3359 154 3445 bant,
186 3359 336 3429 nolentes
357 3383 553 3450 quemquam
574 3361 669 3448 regni
697 3368 805 3427 aetum
834 3358 1008 3441 imbuere,
1043 3356 1147 3423 donee
1178 3355 1261 3427 illud
1281 3355 1357 3443 fiat,

60 3464 245 3554 usquedum
265 3468 339 3555 ipse
360 3488 422 3533 rex
442 3488 518 3534 eum
541 3465 736 3533 oonsiliariis
759 3465 826 3531 suis
847 3487 907 3553 pro
929 3462 986 3531 illo
1009 3471 1155 3551 tempore
1175 3458 1239 3529 hoo
1261 3459 1357 3531 dissi·

61 3566 155 3635 dium
177 3571 422 3659 oomposuisset.
467 3568 542 3650 Qua
563 3569 605 3636 de
627 3590 728 3635 osusa
747 3589 836 3651 vero,
858 3566 913 3634 vel
933 3588 993 3654 per
1015 3586 1112 3654 quem
1133 3585 1273 3653 regnum
1292 3562 1356 3631 Bo·

61 3672 193 3739 bemiae
214 3674 263 3740 ita
283 3673 403 3740 debitis
425 3681 576 3739 onustum
598 3681 633 3739 et
653 3679 825 3760 gravatim
848 3669 957 3753 fuerit,
986 3669 1079 3736 varie
1099 3670 1188 3739 inter
1208 3666 1356 3737 homines

63 3776 244 3865 prudentes
264 3776 519 3861 discurrebatm,
555 3784 589 3844 et
619 3777 694 3843 ideo
728 3775 810 3843 bees
831 3775 956 3857 omitto,
991 3793 1034 3841 ne
1057 3771 1160 3841 ullum
1182 3770 1355 3845 offendam.

61 3879 206 3947 Unioum
229 3881 284 3948 hio
305 3881 415 3950 dioere
436 3883 522 3966 volo,
555 3881 644 3971 quod
675 3882 728 3949 his
750 3880 951 3971 temporibus
973 3877 1106 3968 quidam
1127 3897 1253 3969 pauper
1273 3878 1356 3947 uiuis

62 3984 191 4072 Pragae
212 3986 319 4072 fuant,
342 3987 464 4077 opifieii
485 3988 537 4053 sui
555 3988 722 4075 pannifex,
745 3988 912 4055 Kostrosus
926 3986 1049 4070 diews3
1071 3983 1135 4068 hio,
1152 3984 1275 4062 neseio,
1289 4003 1354 4077 quo

61 4089 140 4176 fato,
165 4112 246 4158 sana
265 4101 375 4158 mente
396 4100 430 4159 et
449 4092 575 4158 ratione
597 4092 771 4161 destitutus
792 4091 863 4175 fuit,
895 4088 1035 4159 subinde
1057 4096 1177 4172 tamen,
1198 4085 1277 4155 dum
1297 4082 1355 4153 ali·

59 4194 141 4283 quid
155 4193 319 4285 loquendo
330 4196 545 4286 praeferebat,
567 4196 707 4285 quilibet
726 4195 823 4265 hono
844 4195 992 4284 prudeus
1011 4192 1121 4263 debito
1143 4189 1354 4263 eonsidersre

56 4301 174 4389 potuit,
202 4322 279 4366 nam
297 4303 394 4390 juxta
406 4300 616 4390 proverbium
638 4301 728 4371 stulti
761 4309 795 4365 et
814 4299 956 4370 infantes
977 4307 1014 4363 ut
1035 4296 1212 4385 plurimum
1234 4294 1352 4363 verita·

34 4412 125 4471 ”tem
148 4404 238 4494 loqui
259 4405 375 4472 solent.
419 4406 480 4473 Ille
502 4429 580 4494 ergo
600 4405 769 4495 panniiex,
798 4406 834 4475 in
867 4404 1008 4494 quodam
1029 4408 1193 4475 oonvontu
1215 4421 1274 4473 teu
1295 4421 1352 4471 oo·

33 4550 38 4559 ·
56 4506 162 4576 mitiis
182 4510 219 4576 in
239 4530 317 4578 aree
338 4511 497 4599 Pragsnsi
518 4511 703 4596 celebratis,
736 4509 814 4579 dum
835 4509 883 4585 its
903 4508 947 4583 de
967 4508 1020 4579 bis
1041 4504 1161 4579 debitis
1182 4501 1352 4591 agebatur,

37 4613 198 4701 'pnblloo
215 4615 319 4702 disis,
352 4615 440 4706 quod
461 4624 608 4707 tempore
642 4616 736 4703 regis
763 4613 901 4701 tiootgii
932 4611 1053 4691 ludaei
1082 4605 1351 4709 Pergentes-soli

57 4719 204 4788 aluerlnt
221 4721 359 4793 *leonem
387 4728 422 4789 at
441 4720 599 4806 lenonem
626 4740 734 4810 usquo
754 4716 799 4799 sd
813 4716 994 4801 {interitum
1013 4738 1148 4804 stiffi
1168 4726 1382 4791 ’ΜΨ-Ψ
