2948 5040
1320 128 1385 238 ,ἴθι
1412 208 1414 214 .

90 297 240 380 oratores
259 291 295 356 in
315 287 506 356 Bohemiam
521 289 619 373 misit,
651 295 766 378 petens
788 296 821 354 et
841 309 908 356 non
925 289 1025 357 semel
1047 289 1208 359 mandans
1231 295 1382 365 omnibus

91 394 240 480 statibus,
263 404 295 461 et
310 394 445 483 ¹saepius
463 392 599 482 ,undem
620 415 745 460 summe
769 392 862 483 (quid
883 402 1012 483 praeter
1032 394 1095 462 hoc
1120 394 1301 467 dolorosius
1313 423 1385 468 esse

89 498 212 589 potest)
241 519 301 587 per
321 495 430 565 Deum
462 499 600 586 rogavit,
632 505 669 562 ιιι
702 496 765 563 sibi
793 497 948 587 populum
986 492 1143 567 armatum
1164 503 1200 568 in
1222 501 1383 573 auxilium

89 605 233 683 mittant.
256 601 392 669 Bohemi
413 624 491 670 vero
514 601 655 690 quidam,
676 602 869 691 praesertim
890 603 1039 670 dominus
1066 603 1155 698 Lew,
1193 615 1227 673 et
1255 606 1312 674 alii
1329 609 1382 698 jn-

89 706 184 775 dices
204 716 311 774 terrae
342 729 415 773 cum
438 704 675 773 confoederatis
698 728 809 773 eorum
831 716 864 773 et
884 706 1066 796 Pragenses
1100 720 1320 797 provocarunt
1340 710 1383 779 ad

89 813 223 880 comitia
243 810 406 901 publiea,
407 811 553 883 uolentes
575 811 714 899 primo
701 810 823 877 ibidem
845 811 886 878 de
907 811 959 879 his
980 835 1087 901 agere
1127 813 1195 881 Alii
1216 838 1295 884 vero
1316 839 1383 884 non

89 925 319 1005 exspectantes
342 916 482 999 comitia,
504 928 622 1004 nempe
644 938 756 983 omnes
778 937 930 1003 proceres
952 927 985 984 et
1005 921 1167 1015 equites
1168 943 1211 987 ex
1233 920 1382 994 distrimu

93 1018 359 1104 Boleslaviensi,
396 1021 543 1142 quamvis
565 1008 778 1107 personaliter
807 1042 873 1087 non
896 1027 1128 1110 processerint,
1154 1020 1322 1091 auxilinm
1336 1033 1386 1090 ta-

94 1147 173 1191 men
194 1124 339 1191 notabile
360 1125 583 1213 pecuniarium
606 1122 860 1210 contribuerunt,
884 1135 916 1192 et
938 1124 1207 1216 plenipotentiam
1253 1127 1383 1196 domino

90 1227 289 1307 cancellario
325 1229 536 1309 tradiderunt,
560 1230 615 1317 qui
650 1227 805 1317 populum
827 1231 906 1296 satis
929 1254 1138 1300 numerosum
1160 1234 1382 1326 congregavit,

89 1335 148 1423 qui
170 1354 283 1399 omnes
304 1334 435 1400 insimul
452 1335 648 1422 ,Pragenses
671 1343 844 1425 sequentes
865 1357 925 1423 per
946 1335 1027 1403 duas
1049 1336 1272 1421 hebdomadas
1308 1361 1381 1428 pro·

89 1450 270 1526 cesserunt,
289 1451 396 1529 usque
418 1438 460 1506 ad
482 1462 575 1506 arces
597 1450 753 1526 vetustas,
775 1439 832 1513 ubi
863 1440 950 1507 mala
970 1434 1104 1509 nonalia¹
1123 1442 1165 1510 de
1186 1466 1265 1532 rege
1286 1443 1380 1511 audi·

90 1557 198 1632 entes,
233 1546 275 1614 de
307 1546 425 1634 quibus
458 1545 544 1611 infra
567 1544 737 1629 scribetur,
759 1542 884 1611 reversi
905 1556 989 1613 sunt.
1032 1547 1195 1615 Dominus
1216 1549 1380 1618 Henrious

73 1651 133 1723 ,de
167 1651 360 1739 Rosenberg
387 1652 483 1717 etiam
512 1647 727 1738 personaliter
748 1673 815 1735 non
836 1652 1005 1738 prooessit,
1028 1651 1090 1723 sed
1120 1653 1210 1720 misit
1236 1657 1287 1722 sui
1308 1655 1380 1743 loco

89 1756 217 1845 aliquot
249 1764 403 1822 centenos
439 1763 589 1822 armatos
632 1754 793 1821 Dominus
830 1755 974 1824 Jacobus
1004 1778 1083 1822 vero
1118 1758 1377 1827 subcamerarius

90 1884 140 1957 ex
157 1861 325 1930 voluntate
347 1860 436 1948 regis
457 1861 562 1948 primo
584 1860 745 1949 processit
766 1884 840 1929 cum
862 1859 1058 1961 quibusdam
1079 1861 1250 1934 civitatum
1266 1868 1379 1959 copiis,

86 1989 208 2056 nempe
229 1965 474 2050 Zatecensibus,
504 1965 743 2051 Launensibus,
779 1955 1039 2049 Gadanensibus,
1061 1965 1291 2059 Pontensibus,
1315 1973 1376 2041 Τι-

83 2070 294 2139 boriensibus
328 2080 360 2137 et
394 2091 467 2137 oum
494 2070 689 2159 quibusdam
724 2070 833 2139 adbuc
862 2075 976 2175 paucis
1011 2074 1098 2141 ultra
1116 2073 1258 2162 Bndam,
1282 2079 1380 2166 juxta

86 2177 237 2243 notitiam
249 2185 283 2241 et
291 2174 554 2242 informationem
562 2175 604 2242 ab
620 2174 693 2242 aliis
706 2186 883 2266 acceptam,
896 2177 939 2243 ad
948 2178 1065 2266 viginti
1076 2182 1219 2269 quinque
1228 2179 1389 2248 milliaria

89 2279 135 2346 ad
157 2281 321 2348 ιιιιιιιιιιι
351 2280 470 2348 Μοιιιι
492 2279 623 2366 dietam
655 2303 758 2370 prope
781 2285 960 2350 exereitum
982 2283 1165 2363 Tureicum.
1196 2283 1379 2372 Pragenses

40 2384 43 2393 '
90 2405 168 2450 vero
194 2387 357 2453 irridentes
378 2386 462 2470 aliis,
491 2386 547 2474 qui
575 2396 820 2480 processerunt,
851 2389 1000 2477 quamvis
1038 2390 1169 2477 ipsimet
1197 2390 1295 2456 etiam
1317 2387 1378 2454 sub

87 2487 226 2577 quodam
249 2491 358 2558 colore
381 2492 483 2557 secuti
504 2490 633 2571 fuerint,
664 2501 697 2557 et
718 2514 792 2559 oum
821 2492 888 2571 illis
910 2493 1108 2578 Pilsnenses,
1139 2494 1378 2581 Beraunenses,

84 2592 272 2680 Slanenses,
294 2594 577 2674 Litomerieenses,
599 2596 826 2683 Melnieenses,
847 2597 1038 2684 Austeuses,
1062 2599 1241 2688 etquidem
1258 2598 1315 2666 alii
1336 2597 1378 2666 de
1411 2662 1413 2667 ,

81 2697 243 2767 Bohemia
265 2688 437 2767 exiverunt
458 2701 572 2769 decem
593 2701 786 2769 milliaribus
808 2703 894 2770 ultra
914 2688 1059 2788 Βιιιιιιιι,ι
1086 2712 1120 2769 et
1140 2703 1264 2770 ibidem
1287 2703 1377 2771 stite‘·

81 2814 169 2888 runt,
193 2812 226 2871 et
247 2798 385 2872 ulterius
405 2828 471 2873 non
491 2809 657 2895 progressi
667 2807 806 2893 fluerunt,
823 2808 1012 2898 judicantes
1034 2807 1098 2875 sibi
1119 2809 1227 2878 adhue
1248 2818 1377 2898 tempus

85 2910 251 2976 sufficere.
274 2909 445 2998 Progressi
466 2911 555 2976 enim
577 2920 652 2977 sunt
680 2920 796 3001 sponte
824 2915 880 2997 ita,
912 2934 954 2978 ne
977 2934 1015 2979 eo
1036 2915 1207 3002 pervenire
1228 2914 1378 3001 possint;

80 3016 171 3083 viam
193 3016 280 3083 enim
297 3015 449 3104 'aggressi
481 3015 535 3082 die
558 3025 671 3104 quarta
692 3026 767 3105 post
790 3017 826 3084 S.
869 3015 986 3084 Jacobi
1007 3015 1137 3104 festum,
1177 3026 1274 3107 prout
1305 3016 1377 3082 aliis

80 3129 195 3188 notum
219 3131 277 3204 est,
310 3121 369 3188 sed
401 3143 484 3209 pura
515 3121 726 3209 negligentia,
747 3132 792 3188 -et
821 3121 931 3188 odium
963 3143 1042 3210 erga
1072 3144 1185 3210 regem
1207 3121 1376 3188 dominum

82 3247 179 3292 suum
200 3225 275 3293 illos
296 3225 481 3294 accelerare
503 3223 734 3314 impediebant,
745 3248 863 3315 nempe
875 3227 944 3310 hos,
968 3228 1024 3314 qui
1039 3227 1221 3316 superiores
1235 3225 1372 3307 fuerant,

80 3353 149 3398 non
170 3352 249 3398 vero
271 3330 358 3414 illos,
382 3331 439 3420 qui
459 3330 623 3399 mandatis
645 3352 757 3398 eorum
780 3331 1051 3422 obsequebantur,
1074 3339 1108 3398 et
1130 3320 1186 3421 qui
1197 3331 1377 3421 capitaneis

81 3436 248 3504 suberant.
291 3435 440 3502 Tandem
463 3435 596 3525 quidam
616 3434 784 3528 Johannes
805 3436 968 3505 Pastueha
990 3438 1096 3504 dietus
1118 3457 1139 3502 a
1160 3436 1263 3503 tribus
1287 3458 1376 3503 coro·

80 3542 134 3608 nis
158 3540 230 3630 (qui
252 3541 287 3605 in
309 3539 404 3606 annis
420 3539 625 3628 juvenilibus
647 3561 725 3606 vere
752 3549 917 3631 pastorem
940 3542 1016 3631 egit,
1051 3551 1084 3608 et
1105 3542 1151 3609 ita
1172 3541 1234 3609 hoo
1257 3564 1374 3609 nomen

78 3644 232 3735 obtinuit)
257 3654 290 3712 et
311 3644 442 3712 Blasius
466 3645 507 3711 de
529 3644 633 3734 Teyn,
667 3648 868 3716 numinibus
883 3648 998 3715 adhuc
1020 3646 1210 3714 concivibus
1232 3645 1376 3734 Pragen'·

78 3749 170 3817 sibus
192 3750 360 3817 constituti
393 3749 524 3816 firerunt
553 3746 731 3837 capitanei,
767 3761 800 3819 et
832 3752 1010 3819 directores
1036 3774 1134 3840 super
1156 3751 1314 3840 quosdam
1324 3743 1377 3819 'de

78 3853 313 3944 Pragensibus,
347 3864 380 3920 et
412 3854 546 3920 aliarum
583 3855 752 3923 civitatum
786 3857 896 3945 oopiis,
922 3865 955 3937 et
988 3857 1216 3940 servientibus,
1250 3879 1291 3923 ao
1324 3879 1374 3924 su-

76 3982 137 4049 per
173 3968 274 4026 totam
310 3957 550 4049 expeditionem
585 3958 685 4026 illam.
731 3959 797 4042 Qui
843 3960 887 4027 ad
928 3960 1034 4027 locum
1073 3962 1375 4049 supranominatum

77 4061 301 4147 advenientes,
332 4063 382 4129 illi
415 4065 576 4152 capitanei
605 4065 648 4131 ad
676 4087 789 4153 regem
827 4074 860 4131 et
899 4067 969 4155 ejus
1004 4066 1182 4133 exereitum
1218 4088 1375 4156 perrexe-

77 4164 162 4252 runt,
195 4169 419 4273 allocutusque
448 4191 560 4256 regem
589 4171 650 4236 fuit
682 4169 738 4236 ille
771 4170 988 4249 Pastueha,
978 4174 1147 4239 insinuans
1178 4171 1229 4238 his
1251 4171 1375 4271 verbis

79 4296 115 4339 se
138 4269 211 4340 essa
233 4294 333 4340 unum
354 4273 396 4340 de
429 4273 572 4341 dominis
603 4273 843 4362 Progensibus,
876 4276 1072 4366 venisseque
1101 4297 1175 4342 oum
1197 4275 1247 4341 his
1270 4235 1375 4366 copiis,

78 4378 114 4443 in
133 4378 292 4447 auxilium
306 4378 393 4446 Suae
414 4381 538 4467 Regiae
551 4379 739 4468 Majestati,
748 4384 935 4449 necessaria
958 4382 1153 4448 sufficientia
1175 4388 1208 4445 et
1229 4380 1374 4447 reselias

79 4503 192 4549 seeum
214 4484 380 4568 adferens,
402 4485 683 4573 interrogavitque
711 4484 886 4567 Pastuohe‚
921 4507 1081 4576 quocum
1104 4484 1155 4550 his
1177 4485 1281 4572 copiis
1301 4507 1374 4572 pro·

79 4586 197 4655 oedere
213 4587 360 4657 debeat?
384 4588 457 4655 Rex
467 4588 550 4654 haee
560 4588 696 4656 audiens
718 4590 854 4658 miratus
876 4591 937 4658 iuit
960 4590 1045 4656 hano
1067 4589 1302 4678 quaestionem,
1323 4597 1372 4654 ιιι

62 4701 162 4781 pote·
184 4693 357 4763 ridiculam
389 4700 422 4759 et
451 4692 583 4761 omnino
617 4693 760 4786 ιιιιιιιιι,
792 4694 1036 4786 responditque,
1072 4692 1148 4760 illos
1169 4691 1254 4760 bene
1275 4692 1376 4773 scire,
