2948 5040
140 151 206 223 2⁵14

135 347 214 396 vero
235 323 292 393 ille
314 321 443 392 Passek
464 323 547 392 baec
566 342 732 412 nunquam
752 322 911 413 impedire
931 322 1080 406 voluerit,
1103 320 1162 388 sed
1182 320 1324 409 ipsemet
1362 321 1432 389 tali·

134 431 197 502 bus
218 430 429 499 concionibus
459 428 651 516 interfuerit,
687 436 721 496 et
742 427 848 496 eidem
870 427 992 497 similes
1019 426 1129 497 dicere
1159 427 1334 495 conciones
1372 425 1431 495 ad·

135 539 270 623 miserit,
293 560 334 606 ac
357 560 431 605 cum
452 523 510 604 illo
539 535 806 624 correspondet-it

139 668 143 681 ·
222 642 402 711 Secrmdo·
426 614 556 732 quando
578 641 730 708 dominus
752 618 957 727 Smhowsky
979 637 1140 706 actionem
1162 633 1329 725 quandam
1360 657 1434 704 con·

135 755 316 817 troversam
338 748 451 816 habuit
472 769 547 815 cum
584 745 721 823 ducibus
743 744 905 813 Bavarlae
933 751 966 810 et
998 742 1194 831 adjuvamen
1217 751 1332 810 contm
1361 741 1434 811 illos

136 853 283 922 obtinere
316 853 427 938 voluit,
460 852 657 942 supplicavit
677 851 747 938 regi
770 849 949 934 Ludovico,
982 858 1018 915 ut
1039 870 1233 918 eonsensum
1262 847 1432 939 praebeat,

136 981 201 1048 quo
222 958 378 1048 populum
402 957 563 1047 quendam
586 978 629 1023 ex
650 955 800 1022 districtu
819 955 969 1052 Plsnensi
993 952 1056 1020 sibi
1089 976 1288 1045 congregare
1319 956 1434 1044 possit,

137 1062 225 1151 quod
246 1071 323 1131 tunc
345 1063 416 1130 sine
437 1081 529 1129 mora
549 1083 610 1129 rex
631 1059 765 1127 Plsnam
785 1059 978 1150 perscripsit
1011 1067 1045 1126 st
1064 1062 1240 1145 mandavit,
1263 1072 1299 1133 ut
1332 1086 1431 1155 popu·

18 1176 20 1185 '
136 1168 188 1237 lus
203 1191 277 1236 cum
300 1167 416 1236 eodem
436 1165 600 1255 procedat
631 1163 764 1233 Interea
787 1164 947 1254 quaedam
970 1164 1118 1240 civitates
1140 1168 1236 1258 hujus
1259 1169 1430 1238 districtus

134 1295 195 1362 pro
229 1271 366 1360 consilio
398 1270 621 1366 convenerunt
653 1291 728 1338 cnm
760 1268 991 1358 Pragensibus,
1023 1272 1211 1341 intimantes
1221 1274 1327 1360 illis,
1346 1295 1434 1364 quae

137 1399 199 1445 rex
235 1354 450 1462 mandaverit,
473 1399 516 1443 an
550 1377 632 1444 haec
652 1397 758 1464 agere
788 1374 939 1461 debeant,
961 1385 1017 1443 aut
1039 1377 1133 1445 non?
1168 1379 1326 1469 Desuper
1343 1379 1433 1472 quod

136 1469 263 1551 Passelr
296 1485 344 1551 eis
377 1479 593 1572 responderit,
627 1480 1436 1597 quods1sesecundumregisliterasdirigers

135 1588 248 1674 velint,
272 1609 340 1656 non
356 1610 429 1655 esse
450 1586 516 1653 illis
539 1609 621 1676 opus
644 1608 756 1653 eorum
779 1586 927 1672 consilio,
950 1587 1010 1655 sed
1030 1596 1066 1655 ut
1089 1610 1125 1656 se
1135 1590 1181 1656 ιιι
1192 1599 1320 1680 gerant,
1341 1601 1437 1714 prout

136 1714 198 1759 rex
218 1692 365 1779 ¹scribit;
400 1691 527 1760 sivero
550 1713 586 1759 se
603 1693 702 1780 juxta
722 1691 907 1779 Pragenses
943 1692 1086 1781 dirigere
1118 1694 1230 1774 velint,
1265 1698 1357 1786 quod
1390 1699 1435 1763 eis

136 1797 307 1865 consilium
329 1797 407 1864 dare
430 1806 463 1864 et
485 1797 643 1887 adjuvare
664 1819 731 1864 non
753 1806 910 1883 renuant3
880 1796 985 1864 t·his
1006 1797 1102 1867 dictis
1123 1823 1202 1874 vero
1224 1801 1268 1868 ab
1291 1803 1433 1870 invicem

136 1905 344 1988 recesserint,
368 1911 402 1969 et
422 1903 511 1990 regis
535 1902 646 1969 literas
667 1900 750 1967 nihil
771 1847 1024 1969 aestimaverint.

222 2010 350 2076 Tertio·
374 2008 504 2098 quando
527 2009 604 2074 unio
626 2006 757 2074 urbium
768 1994 983 2096 Prage'nsium
1004 1988 1112 2074 divisa
1126 2007 1205 2089 fuit,
1218 2007 1427 2076 ideoutcon·

135 2123 307 2196 serventur
328 2113 362 2179 in
385 2113 590 2180 ordinatione
607 2112 717 2179 Oaroli
739 2115 943 2202 imperatoris
965 2135 1024 2200 pro
1047 2111 1168 2200 duplici
1191 2113 1338 2198 civitate,
1352 2111 1432 2203 quod

134 2239 254 2306 aroge
290 2216 511 2305 Pragensibus
548 2217 738 2284 mandatum
759 2219 865 2302 fuerit,
898 2241 940 2284 ne
964 2218 1048 2284 ullus
1081 2217 1219 2306 amplius
1242 2216 1431 2305 praesumat

133 2324 299 2412 perpetuis
332 2321 533 2410 temporibus
567 2344 666 2409 opere
688 2331 744 2388 aut
776 2323 913 2390 consilio
935 2322 1101 2411 adjuvare,
1123 2330 1160 2388 ut
1181 2321 1244 2388 hae
1279 2325 1425 2390 civitates

134 2426 241 2493 denuo
263 2428 416 2493 unionem
438 2428 563 2505 ineant;
586 2426 673 2514 quod
695 2426 822 2493 Passek
844 2435 957 2495 contra
978 2426 1063 2492 banc
1084 2425 1285 2493 voluntatem
1309 2430 1430 2515 regiam

135 2533 358 2600 communitati
379 2533 671 2633 VeterofPragensi
692 2535 889 2624 persuadere
911 2535 1172 2625 praesumpserit,
1195 2543 1231 2600 ut
1252 2558 1332 2604 cum
1353 2537 1430 2606 Neo·

136 2634 281 2702 Urbensi
320 2639 548 2704 communitate
581 2637 668 2726 apud
708 2661 820 2727 regem
852 2639 894 2706 de
926 2641 989 2707 bac
1021 2640 1141 2707 unione
1172 2641 1281 2708 denuo
1315 2645 1425 2710 instau-

135 2734 239 2807 randa
261 2751 378 2835 agant.
421 2742 523 2809 Prout
544 2742 646 2809 fusius
678 2743 801 2810 dictum
830 2745 891 2810 fuit
924 2746 1030 2833 capite
1062 2744 1116 2811 26.
1158 2744 1203 2810 Et
1239 2745 1321 2813 dum
1352 2747 1427 2814 baec

137 2846 246 2911 omnia
267 2843 388 2934 a‘rege
420 2845 469 2912 illi
506 2846 632 2913 Passek
655 2847 785 2935 objecta
807 2847 957 2925 firissent,
977 2847 1083 2913 fassus
1105 2847 1167 2913 fuit
1187 2848 1231 2915 ad
1253 2851 1428 2937 quemlibet

134 2949 306 3017 articulum
336 2951 538 3039 quaestionis
566 2953 678 3040 regiae
699 2954 911 3041 propositum,
934 2951 1022 3039 quod
1043 2952 1124 3018 haec
1153 2954 1263 3020 omnia
1284 2957 1331 3022 ita
1345 2955 1427 3022 facta

135 3054 264 3139 fuerint,
287 3054 444 3144 quasdam
468 3066 603 3123 excusat
590 3059 696 3124 tiones
718 3057 880 3143 adferens,
904 3075 988 3145 quae
1009 3078 1122 3124 omnes
1144 3057 1252 3124 eidem
1274 3081 1343 3128 non
1366 3058 1425 3127 suf·

133 3156 334 3225 fecerunt.
485 3167 488 3172 '

142 3286 144 3291 ·
219 3262 367 3328 Tandem
390 3286 450 3328 rex
474 3266 573 3352 jussit
595 3266 626 3330 ei
649 3223 720 3331 dari
753 3249 909 3332 schedam
931 3266 1066 3331 scissam
1097 3276 1269 3351 unamet
1235 3270 1424 3335 etdomino
1467 3266 1468 3281 ¹

134 3366 256 3433 Joanni
285 3367 348 3434 de
359 3368 590 3455 Wartemberg
618 3380 786 3458 protunc
815 3392 965 3457 supremo
994 3369 1191 3459 burggravio
1219 3371 1265 3438 alt
1252 3382 1366 3458 teram,
1394 3373 1426 3437 in

136 3471 254 3558 quibus
277 3475 434 3561 scriptum
457 3474 520 3540 hoo
551 3497 648 3540 sensu
680 3475 754 3541 fuit:
788 3474 886 3557 Quod
907 3475 1034 3542 Passek
1065 3476 1130 3542 fide
1158 3485 1191 3541 et
1218 3477 1344 3544 honore
1371 3497 1424 3543 suo
1464 3510 1466 3523 >

134 3578 311 3663 promittat,
335 3599 371 3642 se
393 3576 480 3644 velle
503 3579 612 3643 omnia
633 3577 821 3666 adimplere,
844 3601 928 3668 quae
949 3579 1069 3646 inillis
1092 3581 1315 3660 continentur3
1348 3603 1425 3647 oon-

133 3687 223 3745 tenta
245 3689 353 3745 autem
375 3681 506 3746 fuerunt
527 3684 713 3770 sequentia:
743 3693 779 3748 ut
799 3685 886 3750 intra
908 3686 1047 3772 spatium
1069 3685 1204 3752 duarum
1234 3689 1425 3776 septimana·

136 3805 208 3847 rum
231 3806 274 3849 ex
297 3785 429 3850 civitate
451 3785 610 3873 Pragensi
633 3797 738 3872 exeat,
761 3791 877 3854 necin
901 3812 973 3856 eam
992 3799 1181 3875 revertatur,
1203 3791 1237 3858 in
1258 3792 1318 3858 illa
1339 3789 1426 3858 habi·

134 3885 244 3964 tando,
273 3887 338 3952 nisi
366 3897 502 3956 vocatus
535 3890 577 3955 ad
605 3891 767 3979 judicium
803 3893 911 3978 fuerit,
949 3895 976 3960 si
1011 3917 1084 3961 cum
1115 3895 1235 3961 incolis
1269 3886 1426 3984 quaedam

134 3989 263 4075 agenda
285 3991 438 4079 haberetJ
461 3993 553 4059 finita
574 4017 652 4062 vero
675 3999 803 4064 actione
819 3997 981 4087 judiciali,
1013 4008 1045 4065 et
1074 3999 1337 4090 quandocunque
1359 4021 1424 4068 rem

134 4114 226 4159 suam
249 4097 482 4191 terminaverit,
507 4121 699 4188 quocunque
723 4101 853 4168 demum
875 4102 982 4187 modo,
1005 4112 1040 4169 ut
1061 4103 1147 4171 ultra
1170 4114 1235 4173 tres
1258 4105 1330 4172 dies
1352 4106 1425 4172 Pra·

136 4219 199 4284 gae
222 4221 345 4265 senon
367 4200 527 4288 detineatJ
550 4204 607 4270 illo
629 4227 708 4272 vero
730 4214 876 4295 tempore
898 4208 952 4274 hic
965 4217 996 4274 et
1017 4209 1097 4276 alibi
1110 4231 1184 4275 cum
1206 4210 1324 4278 incolis
1339 4209 1426 4278 nulla

137 4304 366 4369 conventicula
400 4314 432 4371 et
454 4308 592 4374 consilia
621 4307 750 4377 habeat.
796 4310 947 4378 Secundo
970 4308 1039 4379 sub¹
1058 4313 1124 4379 fide
1153 4314 1332 4383 ethonore
1355 4338 1426 4406 pro·

134 4407 263 4473 mittere
284 4407 406 4494 debuit,
438 4412 464 4477 si
486 4435 507 4477 a
528 4412 629 4501 Rege,
659 4424 715 4480 aut
737 4415 868 4482 domino
891 4438 1042 4505 supremo
1064 4417 1270 4506 Burggravio
1294 4429 1427 4510 quatuor

134 4513 323 4600 septimanis
346 4523 421 4594 ante
444 4518 618 4584 terminum
651 4518 761 4586 datum
792 4521 909 4587 citatus
942 4521 1040 4588 fuerit
1067 4523 1111 4589 ad
1132 4522 1321 4614 ubicunque
1344 4548 1426 4593 com·

133 4617 324 4699 parendum,
354 4641 390 4684 se
411 4620 497 4686 velle
530 4621 664 4688 obedire
694 4632 739 4689 et·
752 4622 938 4714 ubicunque
972 4626 1176 4716 satisfacer03
1206 4630 1291 4698 haec
1321 4630 1427 4698 omnia

122 4737 162 4781 ss
189 4721 276 4791 velle
309 4723 431 4814 exequi
454 4723 517 4794 soli
537 4726 609 4816 regi
629 4749 729 4799 manu
758 4729 912 4819 stipulata
931 4731 1087 4818 promisit.
1130 4731 1257 4804 Eodem
1289 4756 1378 4806 anno
1399 4741 1426 4803 et
