2948 5040
133 108 197 180 292

681 342 788 431 Caput
809 341 861 410 26.

128 439 178 495 Ubi
197 439 359 500 describitur,
379 431 574 501 quodquidam
593 430 665 484 cives
682 430 843 483 adsenstum
860 443 890 482 se
909 430 1002 482 sistere
1013 427 1157 496 debuerint,
1177 433 1206 478 nt
1223 423 1355 480 obedien-

161 515 222 564 ciam
241 517 268 560 ee
285 503 471 575 obligationem
488 516 566 553 manu
583 500 704 568 stipulata
722 505 865 568 praestent,
890 506 917 554 et
934 497 1065 567 quomodo
1083 495 1184 550 l’sssek
1208 493 1269 547 ilios
1287 495 1356 548 allo·
1460 509 1463 564 p

163 587 237 631 cutus
256 575 341 637 inerit,
360 577 388 624 nt
406 567 481 623 bonis
509 570 563 623 sais
591 570 753 638 provideant.
787 566 901 621 'laudem
928 566 1000 636 qnod
1025 567 1163 636 proscripti
1190 565 1357 621 innocentius

163 663 223 701 suns
242 642 405 700 defenderint
446 671 1358 696 ......................
1374 632 1412 688 166

681 704 788 794 Caput
809 703 861 772 27.

130 800 179 855 Ubi
196 800 242 854 hic
260 798 347 851 bouus
365 794 407 848 vir
424 803 450 848 et
467 792 560 848 author
577 791 653 859 burim
672 793 811 847 chronicae
828 791 864 846 de
882 808 911 846 se
929 793 938 844 i
958 805 988 845 so
1006 799 1032 846 et
1050 792 1084 846 de
1102 789 1202 844 actibus
1214 790 1271 844 suis
1292 789 1359 841 scri-

169 871 217 936 bit,
237 867 308 937 quod
325 867 391 920 baec
410 865 494 917 omnia
509 862 546 915 illi
564 861 687 916 subicere
704 878 758 915 uon
775 863 916 930 potuerint.
970 861 1067 930 tquod
1085 860 1179 917 ludaei
1197 857 1306 927 saepius
1326 858 1360 912 ad

165 954 273 992 uxorem
292 952 365 990 suam
383 934 551 997 accesserint,
576 931 686 985 eandem
706 931 884 998 alloquentes:
905 932 928 983 si
945 931 1093 998 quindecim
1115 944 1178 983 sena
1198 944 1262 982 enea
1280 942 1361 996 gros·

166 1023 254 1062 sorum
273 1006 373 1060 eisdem
392 1002 522 1071 dederint,
544 1016 575 1054 se
594 999 662 1054 sebe
682 998 798 1066 edicere,
817 1006 845 1053 ut
860 999 904 1053 illa
923 1015 983 1052 cum
1001 1001 1093 1054 marito
1111 1012 1159 1052 suo
1199 1011 1280 1066 rugae
1298 1011 1362 1064 per·

167 1083 271 1130 maneat
315 1108 666 1133 .........
691 1135 799 1225 caput
820 1112 862 1206 28
873 1101 1361 1127 ............
1377 1063 1414 1120 166

129 1232 163 1286 ln
181 1248 234 1301 qno
252 1233 408 1299 insinuatur,
429 1228 519 1296 quales
537 1227 601 1279 elias
619 1241 712 1279 canses
740 1222 848 1278 cuilibet
870 1225 977 1278 seorsim
997 1224 1196 1294 assignaverint,
1219 1237 1305 1291 qnare
1330 1236 1364 1277 ex

71 1334 74 1339 -
168 1303 274 1354 civitate
292 1306 469 1352 amoveantur.
498 1296 611 1348 Tandem
630 1294 663 1347 de
682 1292 835 1362 quibusdam
854 1294 938 1346 missis
956 1292 1084 1358 scenicis,
1101 1292 1199 1361 quales·
1209 1292 1318 1356 inerint,
1338 1298 1365 1344 et

167 1369 302 1438 quomodo
321 1366 445 1420 sacerdos
463 1363 586 1417 llartluus
609 1367 635 1417 in
662 1361 815 1416 Bethlehem
838 1377 884 1416 ess
909 1364 1047 1431 peregerit.
1082 1361 1145 1415 ltem
1164 1361 1228 1428 quid
1248 1360 1364 1413 admini-

108 1462 112 1481 ι
153 1439 307 1490 [stratorio
327 1436 404 1488 domo
422 1434 563 1502 Nestogtae
587 1434 679 1502 egerit,
710 1432 756 1484 ubi
773 1433 854 1502 prima
878 1432 937 1485 vice
965 1431 1105 1493 successit3
1135 1430 1255 1484 secundo
1273 1436 1363 1484 antem

168 1505 236 1561 illud
256 1505 342 1560 denuo
362 1506 388 1557 in
407 1518 536 1558 venenum
556 1516 658 1559 versum
678 1501 762 1557 iuerat
792 1537 1365 1559 ..............
1381 1497 1417 1554 itt

526 1889 731 1989 riman
762 1888 1058 1989 nunnius,
1113 1816 1116 1823 Δ

141 2094 181 2161 In
215 2117 278 2183 quo
322 2095 476 2162 scribitur
508 2095 549 2161 de
582 2118 702 2182 magna
744 2094 964 2162 sollicitudine
993 2116 1105 2161 encree
1135 2092 1319 2159 memoriae
1350 2092 1421 2178 regis

144 2207 318 2294 Ludovici,
341 2218 378 2275 ut
398 2210 554 2298 populum
576 2211 785 2277 innocentem
807 2210 925 2276 iterum
942 2207 1098 2297 adjuvare
1120 2206 1237 2296 poenit,
1262 2204 1377 2272 mulos
1394 2208 1420 2266 et

142 2322 251 2389 varias
286 2322 399 2388 literas
421 2322 642 2410 Pregensibus
664 2326 896 2390 transmittens.
918 2322 999 2387 Item
1022 2321 1064 2387 de
1084 2317 1208 2385 infelici
1232 2340 1318 2385 casu
1342 2324 1372 2383 et
1387 2314 1423 2379 in·

137 2435 236 2502 terite
260 2434 408 2524 ejusdem
430 2435 521 2523 regis
544 2435 715 2504 Ludovici.
752 2435 835 2503 Item
859 2459 941 2525 quoe
964 2436 1015 2502 hie
1038 2432 1239 2524 temporibus
1263 2438 1343 2496 acta
1366 2428 1422 2493 sint

706 2662 814 2751 Unput
837 2665 866 2732 1.
1378 2601 1422 2655 ott·

139 2747 168 2802 lu
186 2765 238 2817 quo
257 2748 409 2818 insinnatur,
429 2752 499 2819 quod
518 2751 550 2804 ad
569 2750 725 2804 submissam
743 2753 894 2820 petitionem
915 2752 1126 2807 dominilcnnnis
1136 2750 1260 2802 lllawaee
1279 2757 1308 2801 et
1326 2746 1375 2799 tti-

175 2819 242 2870 colai
262 2817 374 2886 Schorll,
393 2837 438 2873 rer
456 2820 603 2874 ludovicus
621 2821 783 2874 mandaverit
801 2823 911 2889 priucipi
929 2830 956 2874 et
973 2821 1079 2872 domino
1098 2820 1170 2886 Lew,
1199 2827 1281 2886 atque
1300 2816 1373 2881 aliis,

174 2896 202 2939 ut
221 2888 365 2962 Pragcnses
390 2906 448 2942 curu
476 2890 601 2960 relegatis
628 2890 662 2943 ad
683 2891 849 2943 concordiam
874 2890 1062 2958 persuadeaut3
1084 2891 1207 2957 princeps
1235 2896 1328 2941 antem
1348 2894 1374 2939 et

176 2956 296 3010 dominus
315 2957 378 3010 Lew
397 2958 462 3011 haec
481 2962 567 3012 omnio
584 2973 637 3010 non
655 2967 785 3030 curantes,
803 2959 1010 3027 praeteriverint,
1039 2957 1157 3010 dominus
1175 2957 1284 3010 Hlawsa
1305 2968 1373 3009 vero

177 3042 235 3078 cum
253 3029 377 3096 magistro
395 3027 551 3082 Weucealao
570 3028 656 3081 denuo
674 3029 743 3096 apud
762 3044 851 3098 regem
869 3028 1039 3083 sollicitentur
1083 3062 1357 3081 .......
1390 3018 1426 3075 lii

711 3111 819 3200 Onput
838 3114 868 3179 2.

144 3197 194 3253 Ubi
212 3200 334 3253 scribitur
352 3202 384 3253 de
404 3203 514 3254 comitiis
532 3218 545 3253 a
566 3215 629 3270 rego
647 3199 886 3254 ludovicoColinii
905 3201 1036 3269 institutis,
1055 3202 1088 3253 ad
1108 3214 1175 3270 quae
1194 3214 1287 3252 omnes
1308 3202 1375 3252 cita·

179 3270 280 3331 bantur,
298 3280 409 3337 excepto
429 3270 533 3322 domino
561 3270 624 3322 Lew
651 3279 678 3321 et
697 3269 887 3338 Pregeusibus3
915 3269 1035 3321 dominus
1052 3269 1116 3323 Lcw
1146 3277 1231 3322 autem
1260 3278 1288 3322 et
1308 3270 1376 3324 Pre-

109 3364 113 3371 ·
178 3352 274 3404 genses
292 3339 319 3389 in
337 3340 466 3392 montibus
482 3339 570 3392 Cntnis
590 3340 732 3393 existentes
751 3341 869 3391 nuntium
887 3339 920 3400 ad
939 3339 1043 3390 comitia
1056 3343 1181 3392 miserunt
1199 3346 1226 3390 et
1246 3336 1376 3391 molestas

178 3423 238 3458 suas
258 3408 411 3471 gravedines
430 3415 627 3477 proposuerunt,
655 3409 731 3459 etiam
751 3408 849 3459 domini
867 3405 983 3460 cratera
1001 3408 1141 3462 conciones
1159 3414 1375 3460 commemorent

179 3472 244 3527 ltem
263 3476 296 3526 de
315 3478 427 3543 quodam
446 3477 535 3530 Duielr
554 3484 709 3544 mercatore,
727 3478 771 3543 qui
789 3477 904 3543 sibiipsi
922 3479 1000 3530 vitam
1018 3476 1115 3532 ademit
1132 3484 1158 3530 ct
1175 3492 1204 3530 se
1222 3476 1374 3544 suspendit,

178 3552 204 3595 et
222 3559 288 3612 qnae
307 3554 490 3611 postmortem
509 3544 699 3610 cumejusdem
718 3559 828 3612 corpore
846 3545 1029 3600 iactoluerinl
1060 3583 1067 3601 .
1103 3589 1110 3604 .
1144 3589 1150 3600 .
1185 3585 1192 3598 .
1229 3586 1236 3601 .
1273 3582 1279 3596 .
1320 3586 1326 3600 .
1366 3538 1429 3599 .lii

714 3611 821 3700 Caput
843 3614 872 3680 3.

151 3698 201 3752 Ubi
218 3709 344 3756 narratur.
364 3701 433 3766 quod
452 3700 595 3768 Progenies
613 3699 716 3753 exulum
735 3716 828 3753 uxores
847 3717 862 3753 e
881 3704 985 3756 civitate
1000 3703 1155 3772 pepulerint,
1174 3710 1200 3753 ct
1219 3703 1308 3755 denuo
1329 3702 1374 3754 Jo-

186 3785 266 3820 anncs
285 3769 387 3820 lllawsn
405 3786 463 3820 cum
490 3772 615 3837 magistro
632 3769 738 3820 Brikcio
762 3772 788 3821 in
806 3770 936 3840 Hungerin
961 3774 1029 3840 apud
1055 3787 1144 3842 regem
1162 3780 1188 3824 ct
1207 3772 1314 3839 quitiam
1334 3772 1380 3824 alii

180 3846 265 3889 terrac
283 3853 405 3905 proceres
424 3854 483 3889 curn
501 3838 551 3890 illia
569 3837 671 3889 solliciti
688 3838 825 3906 inerintet
842 3841 986 3904 institerint,
1006 3851 1032 3894 et
1049 3843 1170 3910 princeps
1190 3838 1299 3895 Carolus
1319 3841 1381 3894 illos

182 3916 286 3957 secutus
305 3909 345 3958 sit.
382 3905 494 3958 Tandem
520 3905 590 3974 quod
618 3921 664 3958 ren
681 3906 829 3959 Ludoticus
847 3908 934 3962 literas
953 3909 1127 3980 Pregensibus
1152 3911 1269 3981 miscrit3
1296 3909 1378 3963 simul

183 3973 216 4024 dc
235 3975 347 4042 Georgio
365 3974 497 4043 Lopatshy
516 3978 686 4042 incarcerato,
707 3991 784 4044 quem
802 3986 860 4043 poet
879 3987 986 4032 mortem
1004 3979 1118 4048 sepelire
1137 3978 1294 4045 noluerunt;
1312 3981 1380 4032 ilem

183 4041 216 4092 dc
235 4043 342 4095 Erasmo
362 4052 388 4097 et
406 4044 562 4098 chccslao
581 4043 647 4096 linia
675 4083 1380 4107 .................
1399 4044 1438 4101 lit

720 4113 827 4200 Caput
847 4116 878 4180 4.

151 4194 201 4248 Ubi
218 4207 331 4265 notatur,
350 4201 419 4266 quod
438 4202 559 4253 dominus
578 4200 640 4252 lew
659 4202 764 4253 domino
782 4201 895 4254 ilenrico
914 4203 946 4257 de
960 4203 1113 4273 hoseuberg
1130 4205 1301 4258 camerarium
1322 4221 1385 4259 cnm

184 4265 265 4318 literis
284 4267 439 4321 defensoriis
457 4271 564 4337 miserit,
584 4277 610 4321 et
628 4272 690 4337 quid
702 4270 799 4322 ibidem
812 4270 872 4322 hnic
883 4276 1026 4327 camerario
1040 4276 1184 4342 contigerit,
1204 4273 1269 4326 ltem
1290 4274 1383 4329 denuo

186 4350 231 4387 rex
249 4335 396 4390 Ludoaicua
415 4340 502 4393 literas
520 4338 694 4408 Progeneibus
713 4341 739 4391 iu
758 4356 836 4391 causa
854 4339 1028 4410 relegatorum
1047 4344 1200 4399 transmittit.
1219 4341 1290 4398 1526
1326 4386 1333 4400 .
1372 4386 1379 4400 .
1398 4343 1441 4399 182

722 4408 829 4494 Caput
849 4409 878 4474 5.

156 4487 207 4541 Ubi
223 4491 374 4563 insinuatur,
394 4495 483 4561 quales
500 4493 591 4548 literas
609 4510 654 4550 rex
672 4495 822 4548 ludovicus
840 4496 874 4550 ad
893 4500 1083 4562 consistorium,
1103 4508 1128 4552 et
1146 4500 1240 4554 alteros
1260 4501 1296 4565 ad
1315 4504 1387 4556 civi-

188 4567 253 4612 tates
273 4564 358 4630 regias
376 4565 484 4627 miserit,
511 4579 600 4617 ornnes
627 4565 780 4634 admonens,
809 4573 836 4617 ut
862 4567 1042 4621 sacerdotibus
1069 4572 1157 4623 stricte
1182 4570 1331 4643 inhibeant,
1361 4581 1391 4624 nt

187 4628 252 4680 tales
261 4634 401 4684 conciones
413 4633 582 4685 tumultuosas
595 4636 721 4706 omittant,
737 4635 784 4689 sed
794 4638 880 4706 potina
897 4635 932 4689 ad
941 4637 1091 4696 charitatem
1103 4647 1130 4694 et
1141 4640 1256 4710 quietem
1269 4656 1302 4694 ac
1322 4656 1391 4696 con-

190 4699 573 4764 cordiamadmoueaut.1526
590 4741 1202 4766 ...............
1209 4738 1214 4744 ·
1240 4750 1249 4768 .
1286 4751 1295 4769 .
1333 4749 1341 4765 ·
1380 4706 1448 4771 ‚185
