2948 5040
1300 145 1347 215 29

45 329 106 413 qui
139 326 201 392 orti
234 330 310 388 sunt
341 343 384 387 ex
419 321 526 386 causis
561 319 805 409 suprapositis,
839 327 871 383 et
892 317 1000 383 adhuc
1022 340 1095 383 cum
1117 317 1168 382 his
1191 341 1257 384 non
1278 320 1349 387 fini·

48 439 156 498 erunt.
199 426 363 515 Chytoffel
406 429 441 491 in
474 427 607 514 antiquo
641 431 836 488 testamento
870 424 1040 488 consilium
1073 422 1163 487 dedit
1191 422 1351 489 Absaloni

51 544 167 603 contra
188 542 337 599 sanctum
360 540 392 597 et
412 532 621 596 innocentem
645 549 755 613 regem
775 526 937 591 Davidem
953 536 1079 614 patrem
1096 527 1166 613 ejus
1181 526 1222 590 ad
1239 527 1350 593 interi·

50 635 208 705 mendum
232 636 314 722 ejus.
349 633 401 700 Ita
422 634 519 699 etiam
542 632 596 697 hic
620 630 751 718 quidam
772 629 814 695 ab
836 628 890 695 illo
914 638 1060 717 ternpore
1082 639 1195 695 contra
1209 631 1349 697 invicem

56 739 259 826 instigabant
279 760 346 803 non
367 746 491 802 tantum
514 736 650 817 alienos,
674 735 732 799 sed
755 743 788 799 et
802 733 998 798 domesticos
1015 733 1086 796 sine
1101 733 1350 820 intermissione,

53 855 170 911 contra
202 843 402 923 innocentes,
426 841 578 906 honestos
613 837 846 918 cohabitantes,
880 846 912 902 et
942 837 1064 902 incolas
1088 838 1230 903 omniurn
1252 840 1349 928 hujus

53 948 150 1033 regni
175 954 325 1028 statuum,
347 966 391 1009 ex
414 943 530 1030 quibus
553 943 680 1008 occultu
702 941 825 1008 invidia
847 952 879 1007 et
900 941 1082 1008 discordiae
1105 964 1233 1030 semper
1255 965 1350 1009 exur-

51 1052 189 1138 gebant.
231 1049 392 1115 Dominus
414 1048 494 1113 Low
529 1069 601 1113 eum
632 1047 698 1112 suis
718 1048 751 1111 in
785 1045 919 1113 dissidio
942 1047 1085 1111 existens
1108 1069 1183 1111 oum
1205 1047 1352 1134 principe

52 1153 183 1236 Oarolo‚
206 1161 280 1240 post
302 1151 481 1217 discessum
502 1150 590 1236 regis
613 1149 704 1215 brevi
726 1150 913 1217 concordati
936 1159 1018 1233 sunt,
1053 1152 1136 1215 sicut
1158 1149 1255 1216 etiem
1278 1173 1351 1215 cum

52 1256 191 1339 Passelt,
224 1255 380 1340 magistro
412 1254 550 1336 Josnne,
578 1263 611 1318 et
644 1253 837 1339 quibusdam
870 1253 1090 1341 Progensibus
1113 1256 1183 1341 ejus
1205 1255 1350 1326 asseclis.

54 1360 118 1427 Ille
140 1360 229 1425 enim
250 1358 401 1424 dominus
422 1358 502 1424 Lew
524 1358 734 1445 praecedenti
756 1367 901 1445 tempore
923 1358 1008 1423 ultra
1030 1358 1143 1424 decem
1166 1381 1268 1424 annos
1290 1381 1350 1446 per

57 1465 227 1535 civitatem
261 1484 399 1550 pergere
431 1485 496 1528 non
529 1462 680 1545 audebat,
714 1462 772 1527 sed
804 1485 863 1550 per
894 1484 1016 1551 pagum
1044 1484 1106 1549 per
1127 1485 1244 1549 aquam
1266 1462 1354 1550 apud

56 1566 294 1634 Hollessowicu
325 1565 493 1631 transvehi
525 1566 658 1648 solebat,
692 1565 735 1630 ob
769 1587 921 1651 magnam
954 1566 1112 1633 invidiam
1133 1568 1223 1633 urbis
1245 1568 1352 1656 hujus.

55 1672 105 1738 Hi
130 1692 208 1757 ergo
225 1669 289 1735 duo
311 1669 400 1736 nullo
422 1670 518 1736 modo
541 1671 709 1757 quiescere
730 1679 889 1758 poterant,
924 1670 982 1735 sed
1005 1671 1061 1736 diu
1082 1681 1243 1756 noctuque
1264 1694 1354 1739 reco-

56 1774 200 1862 gitantes
231 1773 480 1856 meditabantur,
515 1795 578 1860 quo
607 1774 703 1840 modo
737 1783 770 1839 et
799 1774 832 1839 in
868 1797 931 1861 quo
960 1775 1127 1840 vindicare
1149 1797 1185 1839 se
1206 1784 1354 1862 possent,

57 1878 297 1964 dolueruntque
330 1877 371 1941 de
399 1878 472 1959 his,
506 1899 589 1963 quae
618 1876 683 1941 illis
716 1900 736 1940 a
772 1898 850 1962 rege
874 1898 984 1941 eorum
1006 1878 1136 1942 domino
1157 1879 1248 1944 illata
1269 1887 1353 1960 sunt,

59 1984 155 2070 quasi
183 1983 227 2065 hi,
262 1982 318 2068 qui
351 1981 458 2047 officia
491 1991 522 2044 ct
555 1981 662 2046 locum
685 2002 797 2045 eorum
818 1981 983 2064 tenebant,
1006 2004 1105 2047 causa
1126 1991 1245 2064 essent,
1269 1982 1355 2069 quod

61 2089 147 2153 haec
167 2087 277 2153 officia
297 2085 340 2152 ub
361 2085 426 2150 illis
450 2084 577 2150 sublata
600 2086 673 2149 sint.
718 2083 801 2149 (ium
823 2094 930 2151 autem
953 2087 1016 2149 elia
1037 2086 1092 2151 via
1113 2087 1155 2150 ad
1177 2086 1355 2151 vindictam

66 2190 256 2256 sumendam
288 2212 354 2255 non
387 2189 546 2278 patuerit,
585 2198 816 2276 praetexerent
857 2188 956 2253 fidem
993 2197 1025 2254 et
1061 2189 1265 2272 Pickhartas,
1300 2189 1355 2256 ad·

67 2294 185 2360 dentoe
225 2315 388 2359 rumorem
432 2293 649 2379 excogitatum
695 2293 804 2358 caedis
851 2301 883 2357 et
926 2292 1124 2376 insidiarum,
1170 2304 1267 2381 etque
1310 2295 1356 2359 ita

65 2420 198 2486 semper
229 2398 363 2463 ulterius
394 2398 607 2485 procedentes
643 2420 703 2485 per
746 2398 882 2463 consilia
912 2398 1113 2483 quorundam
1150 2407 1356 2464 externorum

63 2502 259 2568 clericorum
288 2512 321 2567 et
343 2501 565 2585 saecularium,
599 2511 632 2566 et
652 2502 842 2589 pracsertim
863 2502 1019 2589 Episcopi
1040 2502 1298 2585 Weczoviensis,
1322 2511 1355 2569 et

65 2626 159 2671 nunc
201 2604 456 2693 archiepsiscopi
498 2606 813 2691 Wostruegomensis
855 2607 950 2692 regni
993 2606 1183 2692 Hungeriae
1228 2606 1351 2673 canoel·

64 2710 160 2791 larii,
197 2717 230 2774 et
269 2708 424 2775 Stanislni
467 2709 611 2795 episcopi
653 2708 879 2774 Moraviensis.
932 2709 985 2773 Illi
1029 2719 1136 2775 autem
1180 2708 1357 2775 consiliarii

60 2814 248 2880 recedentes
277 2813 439 2879 occultum
473 2812 594 2899 leporis
628 2812 736 2878 locum
768 2820 998 2899 processerunt
1029 2813 1210 2880 secundum
1243 2834 1357 2879 causas

61 2917 129 2985 sibi
162 2916 278 3001 dictas,
305 2916 491 3004 judicantes
526 2917 613 3004 quod
644 2918 680 2980 in
713 2917 763 2981 his
797 2916 947 2981 omnibus
978 2916 1087 2982 fervor
1108 2917 1214 2982 fidelis
1236 2917 1270 2981 in
1292 2917 1357 2984 fide

62 3022 243 3089 christiana
269 3021 363 3104 adsit,
394 3021 545 3109 quodque
578 3023 686 3087 omnis
707 3044 785 3087 vera
808 3023 882 3099 sint,
906 3021 1023 3107 quibus
1046 3020 1196 3085 instructi
1217 3021 1357 3106 filerunt,

59 3124 200 3191 consilis
220 3123 297 3189 huic
319 3125 487 3212 proposito
509 3125 715 3202 addiderunt,
739 3135 772 3189 et
794 3124 958 3189 sollicitati
980 3132 1057 3188 sunt
1071 3125 1157 3210 apud
1172 3147 1282 3210 regem
1297 3125 1358 3191 snb

59 3229 144 3293 miro
181 3227 266 3311 velo,
301 3227 394 3314 quasi
430 3228 512 3293 haec
550 3251 629 3294 vera
659 3237 777 3310 essent,
818 3228 852 3292 in
887 3227 1005 3314 quibus
1034 3227 1165 3313 quidam
1200 3227 1358 3311 homines,

57 3332 252 3418 praesertim
293 3331 476 3416 Pregenses
512 3332 546 3396 in
596 3332 730 3398 consilio
764 3353 822 3396 suo
863 3331 1132 3401 infmnontinatos
1168 3331 1359 3397 innocentes

59 3435 285 3501 baudulenter
320 3428 572 3519 accusaverunt3
608 3437 663 3522 qni
693 3435 877 3522 superiores
912 3445 945 3499 et
974 3434 1144 3500 inferiores
1167 3433 1305 3520 quilibet
1325 3436 1360 3501 in

64 3547 153 3603 statu
180 3560 240 3603 sno
271 3538 381 3609 mulu‘s
414 3546 447 3603 ct
479 3538 580 3605 veriis
601 3538 769 3625 promissis
789 3538 968 3603 assecurati
990 3538 1129 3620 fuerunt,
1161 3538 1247 3624 quod
1268 3539 1358 3623 illud,

63 3640 323 3729 quandocunque
363 3642 483 3725 volent,
518 3642 676 3729 imprimis
710 3642 986 3709 confirmationem
1017 3649 1302 3729 compactatorum,
1325 3644 1360 3708 in

61 3746 214 3811 effectum
246 3744 425 3832 perducere
457 3753 600 3831 possent.
645 3744 787 3825 Quidam
809 3769 869 3834 pro
896 3746 946 3811 his
970 3744 1188 3831 expectabant
1209 3769 1358 3812 remune-

63 3848 224 3915 rationem
245 3847 433 3932 notabilem,
456 3848 552 3914 simul
574 3857 609 3913 ut
630 3848 715 3915 filius
739 3851 809 3936 ejus
835 3851 869 3914 in
891 3849 1050 3915 Bohemia
1065 3851 1360 3940 archi-epsiscopus

61 3952 129 4019 liat.
175 3951 316 4033 Quidam
346 3961 551 4017 assecuratus
583 3952 653 4035 fuit,
687 3953 729 4019 de
761 3953 937 4019 obtinendo
970 3954 1217 4019 sub-camerarii
1241 3957 1360 4036 officio,

64 4054 149 4121 nlius
172 4055 215 4129 de
237 4055 346 4125 officio
368 4055 461 4121 aulae
480 4055 612 4145 judicis,
635 4055 718 4121 alius
742 4057 947 4142 suffraganei,
971 4057 1028 4122 alii
1048 4080 1160 4123 rursus
1177 4060 1250 4125 aliis
1267 4063 1361 4127 venis

60 4159 243 4227 honorariis
276 4159 373 4247 hujus
406 4159 519 4225 mundi
553 4159 738 4225 obtinendis
775 4160 1035 4245 consolabantur,
1070 4172 1103 4228 et
1126 4165 1174 4229 sio
1195 4165 1363 4252 usquead

63 4262 224 4335 ultimum.
269 4261 337 4329 Sed
357 4262 460 4345 Deus,
483 4261 538 4349 qui
558 4265 665 4329 noscit
687 4264 789 4331 corda
809 4265 975 4330 hominum
998 4275 1031 4332 et
1054 4266 1128 4335 odio
1151 4268 1251 4334 habet
1271 4269 1356 4334 frau-

61 4364 132 4449 des,
155 4364 353 4453 superbiam,
376 4374 409 4430 et
430 4367 540 4431 omnia
560 4367 626 4433 aliu
647 4367 772 4435 intente
793 4369 888 4452 mala,
900 4392 920 4434 a
934 4370 1094 4459 principio
1110 4371 1225 4437 mundi
1239 4372 1358 4437 talibus

60 4493 128 4539 non
165 4470 279 4538 tribuit
310 4470 443 4553 bonum,
478 4471 582 4539 bonos
614 4482 722 4541 eutem
755 4483 789 4540 et
827 4475 1016 4541 innocentes
1050 4475 1198 4544 homines
1233 4496 1362 4564 semper

61 4573 239 4653 custodivit
259 4583 293 4641 et
313 4572 449 4663 adjuvit
