2948 5040
1223 155 1350 227 .1t1

52 328 150 397 illum
181 327 333 395 omnibus
365 325 559 395 necessariis
591 324 821 414 providerunt,
858 325 932 393 sed
947 325 1137 395 occultot
1104 335 1137 395 et
1165 331 1245 397 satie
1266 332 1351 418 peri·

56 434 171 503 culoso
191 432 299 503 modo
853 458 855 462 ’

597 596 743 688 cneus
765 622 818 713 ao.

52 757 91 815 In
115 772 176 830 quo
197 750 406 811 describuntur
428 748 563 809 actiones
584 749 728 810 honestae
748 748 849 809 fratris
862 748 1026 809 Mathiae
1016 769 1048 808 ιιι
1070 752 1240 815 carceribus
1263 773 1348 813 exer·

36 842 144 920 'citae,
177 839 353 921 qualemque
375 836 609 897 consolationem
630 837 816 915 spiritualem
840 837 984 897 habuerit.
1030 833 1125 897 Simul
1145 839 1251 900 literae
1273 841 1348 917 ejus·
1420 834 1423 840 ’

182 927 258 1000 dem,
281 923 409 1003 quasin
432 922 601 983 carceribus
623 925 741 984 cuidam
764 922 850 982 fratri
872 922 1035 984 Laurentio
1057 924 1227 1003 scripserat.

141 1075 268 1143 Clarius
290 1083 402 1140 notum
425 1073 477 1156 sit,
511 1073 597 1160 quod
618 1072 676 1139 ille
697 1074 793 1141 homo
816 1097 940 1162 pauper
962 1077 1098 1141 eremita
1118 1076 1275 1142 mundum
1297 1077 1353 1143 de·

55 1202 180 1265 serens,
201 1179 315 1268 pietati
337 1186 370 1243 et
391 1177 554 1242 sanctitati
574 1179 662 1244 vitae
677 1179 864 1263 inhaeserit,
888 1178 961 1245 odio
975 1179 1101 1246 habens
1113 1202 1225 1246 omnes
1241 1181 1354 1248 mundi

57 1287 156 1374 hujus
176 1285 348 1367 vanitates,
384 1287 513 1347 secutus
533 1281 712 1348 Dominum
733 1291 879 1349 nostrum
900 1281 1014 1348 Jcsnm
1035 1283 1202 1350 Christum
1225 1294 1257 1351 et
1279 1286 1349 1372 ejus

56 1391 157 1474 mam,
180 1389 236 1478 qui
258 1408 370 1453 omnes
392 1389 517 1470 invitat,
539 1396 576 1452 ut
596 1386 631 1451 in
654 1387 711 1452 illa
732 1387 920 1475 procedant,
948 1386 1078 1453 diceus:
1108 1391 1165 1476 qui
1185 1410 1238 1454 me
1261 1392 1354 1479 sequi

53 1494 136 1579 vult,
159 1493 303 1579 abneget
324 1495 543 1580 semetipsum,
577 1491 670 1558 tollat
690 1514 781 1558 suam
815 1514 945 1558 crucem
975 1500 1008 1558 et
1030 1501 1184 1582 sequatur
1203 1516 1273 1579 me;
1307 1497 1353 1561 ita

54 1599 112 1667 ille
134 1619 193 1686 pro
216 1596 343 1663 deliciis
365 1596 453 1663 alind
475 1619 540 1663 non
563 1618 754 1683 agnoscens,
781 1597 844 1662 nisi
868 1594 1094 1667 meditationes
1116 1600 1198 1686 pias,
1220 1601 1356 1689 cupiens

53 1702 258 1770 Salvatorem
282 1723 375 1767 suum
407 1703 509 1787 sequi,
537 1722 559 1766 a
585 1701 733 1786 vestigiis
756 1701 828 1789 ejus
862 1723 928 1767 non
950 1701 1105 1769 recedere
1125 1713 1260 1770 conatus
1281 1704 1352 1788 fnit,

53 1807 170 1873 literas
180 1807 289 1872 varias
301 1805 337 1870 in
349 1805 400 1871 his
412 1803 597 1871 carceribus
610 1805 727 1870 amicis
749 1806 816 1870 suis
839 1805 977 1892 scripsit,
1002 1806 1086 1872 sicut
1108 1808 1205 1872 etiam
1227 1807 1355 1873 cuidam

52 1909 146 1976 fratri
157 1909 344 1993 Laurentia
367 1909 452 1997 quod
468 1903 554 1975 inira
566 1907 679 1974 videre
702 1917 761 1975 est
782 1908 821 1974 In
843 1910 932 1998 quali
954 1910 1041 1975 euim
1063 1911 1223 1997 spirituali
1245 1934 1356 1979 conso·

52 2013 177 2083 lahone
199 2013 254 2081 ille
276 2012 477 2097 versabatur,
508 2012 607 2079 talem
630 2012 779 2079 omnibus
801 2015 944 2101 experiri
966 2014 1115 2102 optabat3
1136 2015 1276 2101 ideoque
1297 2010 1357 2105 pro

53 2120 167 2187 futura
185 2120 343 2185 memoria
364 2117 453 2185 illius
473 2116 561 2183 vitae
582 2117 747 2201 honestae,
781 2139 864 2205 quae
896 2120 932 2184 in
960 2118 1118 2185 Bohemia
1147 2128 1181 2184 et
1208 2120 1360 2187 Moravia

57 2233 222 2309 nota-est,
243 2223 393 2312 judicavi
409 2223 538 2311 justum
561 2232 594 2287 et
614 2243 753 2310 aequum
784 2244 866 2306 esse,
889 2231 925 2288 ut
946 2223 1056 2289 literas
1080 2223 1195 2290 saltem
1217 2224 1277 2290 has
1298 2225 1354 2289 hio

63 2351 241 2420 apponam:
265 2326 410 2394 Salutem
438 2326 650 2410 amicabilem,
681 2324 878 2394 desiderium
912 2330 1017 2393 omnis
1040 2327 1118 2393 boni
1140 2328 1299 2412 salutaris,
1323 2339 1356 2394 et

22 2510 27 2519 ¹
63 2435 199 2523 gratiam
220 2435 256 2499 iu
273 2431 402 2499 Christo
415 2430 496 2497 Jesu
507 2430 650 2497 Domino
662 2441 773 2498 nostro
784 2430 887 2498 Vobis
899 2433 1057 2520 significo,
1080 2433 1180 2499 frater
1190 2433 1356 2519 Laurenti,

58 2562 126 2609 una
143 2541 219 2605 'cum
241 2536 390 2604 omuibus
412 2539 485 2605 aliis
506 2539 661 2606 iratribus
680 2541 714 2607 in
737 2541 810 2606 Deo
832 2541 1040 2608 charissimis.
1084 2541 1247 2626 Intellexi,
1270 2530 1372 2632 quod*

56 2643 221 2712 desiderio
243 2664 362 2729 magno
385 2643 502 2710 ductus
522 2645 623 2710 fueris
645 2668 698 2710 me
719 2645 884 2713 invisendi
904 2656 961 2713 aut
981 2646 1126 2731 videndi,
1150 2657 1183 2711 et
1205 2670 1277 2713 cum
1301 2646 1357 2713 illo

56 2748 121 2816 frui
143 2770 209 2814 non
232 2748 387 2835 potueris,
417 2748 572 2836 petivisti,
606 2758 642 2814 nt
664 2750 819 2839 scriptum
842 2750 1007 2838 quoddam
1028 2773 1049 2816 a
1070 2774 1124 2817 me
1146 2746 1296 2818 obtineas
1325 2760 1360 2818 et

57 2852 148 2944 quod
177 2852 312 2918 multia
334 2873 386 2917 me
415 2853 561 2918 obtinere
593 2874 658 2918 non
691 2862 878 2940 potuerunt,
912 2876 974 2919 nec
1006 2856 1138 2943 quidem
1161 2856 1258 2921 amici
1280 2857 1355 2939 mei,

61 2959 100 3025 id
121 2958 182 3024 tibi
202 2957 340 3023 feliciori
362 2956 498 3039 accidit,
522 2965 554 3021 et
576 2957 705 3044 quidem
729 2957 845 3044 scripsi
874 2959 909 3022 in
933 2980 1050 3044 magno
1072 2968 1160 3025 metu
1182 2967 1215 3024 et
1235 2980 1357 3046 pavore

64 3062 267 3130 constitutus.
311 3058 432 3143 Crede,
460 3058 547 3146 quod
568 3060 698 3127 favente
727 3060 800 3127 Deo
832 3064 1178 3149 omnipotentesanus
1200 3067 1358 3148 existam3

63 3168 151 3234 bene
173 3167 271 3232 etiam
291 3164 364 3231 Deo
386 3165 565 3231 auxiliante
587 3167 666 3231 mihi
701 3166 805 3251 cedat,
839 3168 987 3254 quamvis
1021 3189 1138 3256 corpus
1173 3178 1230 3234 aut
1261 3169 1358 3235 homo

59 3280 217 3338 externus
239 3271 274 3335 in
295 3269 489 3358 quibusdam
511 3269 742 3337 afflictionibus
764 3271 957 3337 constitutos
980 3274 1039 3355 sit,
1073 3272 1205 3360 spiritus
1226 3294 1304 3340 vero
1327 3282 1361 3340 et

65 3379 214 3442 internus
235 3375 332 3441 homo
354 3376 389 3440 in
411 3397 530 3461 magna
551 3374 765 3463 amplitudine
796 3375 879 3462 legis
906 3375 1038 3442 divinae
1067 3386 1100 3442 et
1121 3376 1250 3465 palatiis
1272 3380 1360 3466 regie

64 3490 98 3547 et
118 3480 254 3546 Domini
281 3482 425 3546 omnium
458 3481 493 3544 in
525 3479 675 3546 libertate
707 3480 801 3546 donis
835 3489 868 3546 et
896 3483 1009 3568 gratiis
1043 3483 1166 3547 versari
1190 3492 1222 3549 et
1243 3482 1359 3549 laetari

62 3594 172 3675 potest
194 3586 229 3648 in
250 3586 388 3650 veritate
410 3583 553 3651 evidenti
576 3593 609 3650 et
636 3587 821 3652 testimonio
841 3587 978 3653 Domini
999 3585 1204 3655 noant-Jeau
1225 3586 1359 3672 Christi,

64 3690 108 3757 ob
130 3689 270 3777 quaein
294 3687 346 3753 his
368 3688 551 3755 carceribus
573 3688 720 3755 detineor
741 3699 775 3755 et
795 3690 854 3756 has
870 3688 1065 3757 afflictiones
1088 3693 1232 3778 corporis
1254 3693 1360 3778 patior

65 3818 87 3861 a
109 3802 268 3884 potestate
289 3792 490 3858 Antichristi.
533 3792 626 3859 Haec
647 3816 725 3861 vero
744 3796 852 3860 omnia
884 3795 1000 3862 lubens
1022 3799 1057 3862 in
1080 3818 1198 3884 magua
1220 3798 1356 3884 gratitu-

65 3901 143 3965 dine
164 3920 238 3963 cum
259 3896 380 3963 anxilio
394 3897 460 3963 Dei
482 3906 593 3964 sancto
616 3901 768 3983 sustineo,
790 3912 843 3965 me
869 3903 976 3988 ipsum
997 3923 1062 3967 non
1085 3924 1219 3988 curans;
1243 3924 1358 3992 pecca·

64 4015 115 4070 tor
137 4005 223 4069 enim
246 4025 317 4068 sum
340 4002 493 4088 indignus
517 4011 549 4068 et
568 4012 720 4090 respectu
741 4006 885 4092 corporis
915 4006 1033 4094 pulviS,
1067 4009 1150 4072 cinis
1172 4016 1205 4072 et
1225 4007 1357 4090 vermis,

62 4111 154 4175 Deus
177 4130 255 4174 vero
277 4107 369 4173 fortis
392 4115 424 4172 et
444 4129 505 4171 rex
537 4117 652 4193 potens
686 4118 719 4174 et
750 4111 934 4176 misericors
968 4119 1017 4176 est
1045 4111 1199 4178 fortitudo
1231 4121 1360 4178 meast

62 4235 139 4301 spes
162 4212 378 4295 securissima,
401 4211 565 4276 Dominus
586 4221 697 4277 noster
718 4212 815 4280 Jesus
831 4213 979 4280 Christus
1002 4225 1051 4281 est
1072 4224 1236 4303 protector
1257 4238 1359 4300 meus,

62 4308 151 4384 salus
174 4325 206 4382 et
227 4316 407 4404 redemptio
429 4337 521 4400 mea3
544 4338 641 4404 quem
663 4318 763 4404 igitur
784 4327 816 4385 et
840 4319 1018 4407 quidelind
1040 4321 1220 4387 timendum
1241 4321 1357 4405 habeo,

61 4425 98 4488 in
119 4422 211 4489 illum
234 4421 372 4503 confido,
395 4419 450 4486 hic
470 4428 583 4507 portae
605 4421 701 4488 inferi
712 4445 777 4488 non
792 4425 1037 4511 praevalebunt,
1060 4425 1115 4491 hic
1137 4425 1359 4493 Antichristus

62 4550 138 4593 cum
174 4535 242 4593 toto
264 4524 384 4590 mundo
425 4535 458 4592 et
478 4528 628 4593 omnibus
651 4527 862 4594 daemonibus
884 4529 963 4595 mihi
986 4552 1105 4599 nocere
1126 4550 1191 4597 non
1213 4541 1360 4619 possunt,

66 4640 100 4697 et
122 4631 192 4696 sine
214 4630 381 4697 voluntate
402 4632 630 4718 omnipotentis
659 4630 725 4697 Dei
745 4653 808 4697 nec
830 4633 966 4721 capillus
989 4634 1031 4700 de
1052 4637 1159 4723 eapite
1180 4635 1358 4702 meodece·

67 4735 133 4805 det.
174 4734 236 4802 llle
257 4734 338 4802 mihi
360 4735 469 4802 omnia
490 4735 715 4824 compensabit
737 4736 872 4822 damna,
900 4738 957 4805 illc
986 4740 1056 4806 aits
1088 4762 1133 4805 ne
1149 4740 1275 4805 time
1288 4741 1379 4818 hee,
