2948 5040
74 352 155 420 talis
179 352 287 439 caligo
311 351 509 435 inveniatur,
536 372 609 418 cum
632 373 698 416 non
722 352 826 416 sciant
848 351 1047 441 distinguere
1067 355 1369 422 ueritatemrectnnr

75 458 161 544 legis
184 457 326 540 divinae,
348 479 369 521 a
390 455 518 542 legibus
540 455 755 521 humanarum
777 457 1002 522 inventionum
1026 468 1058 525 et
1079 456 1364 543 consuetudinum

59 561 121 628 de
144 560 196 626 bis
218 560 323 627 solum
344 559 469 647 loquor,
504 561 559 646 qui
580 558 678 624 rudes
701 580 740 623 ac
752 558 875 624 indocti
899 571 981 625 sunt.
1016 561 1254 640 Oredcautem,
1277 561 1364 650 quod

78 664 173 730 multi
194 663 247 728 bic
270 663 390 729 civium
411 661 541 745 fuerint,
565 671 597 726 et
620 664 684 727 sint
714 663 751 726 in
774 665 1003 730 communitate
1025 664 1079 730 vel
1101 666 1135 730 in
1158 664 1220 731 boe
1242 685 1354 752 regno,

71 778 127 837 aut
148 769 214 832 alia
245 768 376 833 natione
407 766 587 854 adjacente,
628 788 708 856 quos
730 766 822 831 Deus
857 769 1041 856 specialiter
1077 769 1128 835 his
1159 770 1362 860 temporibus

70 873 180 960 gratia
209 893 269 937 sua
304 870 487 936 illuminare
521 870 673 959 dignatur
695 872 729 935 in
762 872 928 956 agnitione
959 874 1104 939 veritatis
1148 872 1230 959 legis
1266 895 1357 958 suae,

70 975 196 1065 absque
217 975 317 1041 dubio
325 976 390 1057 isti,
415 983 447 1039 et
458 974 538 1041 tales
557 976 627 1063 jam
639 996 736 1062 supra
747 976 905 1041 nominati
916 975 1117 1062 distinguere
1128 976 1234 1042 sciunt
1256 976 1362 1063 legem

59 1079 136 1149 ,Dei
173 1101 194 1144 a
226 1078 300 1165 lege
328 1078 504 1161 hominum,
535 1088 631 1166 prout
662 1078 747 1143 infra
769 1078 810 1143 de
842 1078 907 1143 fide
941 1078 1023 1165 legis
1057 1078 1190 1144 divinae
1223 1078 1359 1145 dicetur.

68 1182 171 1248 Fides
193 1193 302 1250 autem
324 1183 406 1266 legis
429 1181 560 1247 divinae
594 1190 643 1247 est
664 1182 798 1248 credere
833 1181 956 1248 Christi
977 1182 1109 1248 lectioni
1132 1204 1254 1264 sacrae,
1292 1204 1358 1249 non

68 1286 260 1353 excedendo
282 1288 317 1350 in
340 1285 490 1350 dextram
512 1307 575 1351 nec
598 1288 760 1351 sinistram
782 1296 918 1374 partem,
949 1286 1008 1352 sed
1030 1286 1174 1373 perfecte
1209 1286 1360 1353 omnihus·

69 1391 181 1458 verbis
204 1389 286 1477 legis
308 1390 374 1455 Dei
396 1390 529 1455 credere
552 1389 718 1472 debemus,
742 1392 771 1456 si
792 1390 875 1456 salvi
906 1390 977 1456 fieri
1000 1389 1159 1456 volumus.
1205 1390 1360 1456 Numito
1451 1384 1455 1391 ’

66 1496 115 1561 ait
138 1496 308 1582 scriptura,
330 1492 417 1581 qnod
451 1495 520 1558 sine
552 1493 617 1559 fide
638 1494 711 1561 Deo
744 1493 873 1582 placere
894 1514 1102 1582 nequeamus.
1149 1493 1193 1558 Et
1213 1493 1302 1582 apud
1323 1491 1356 1559 S.

68 1598 215 1664 Marcum
227 1598 408 1663 invenitur:
430 1596 555 1662 Euntes
578 1620 637 1685 per
659 1599 846 1664 universum
858 1598 1024 1683 mundum,
1047 1598 1234 1685 praedicate
1247 1597 1356 1663 Evan-

70 1703 193 1790 gelium
216 1704 303 1767 omni
327 1710 504 1783 creaturae,
529 1703 584 1790 qui
606 1701 792 1784 crediderit,
816 1703 925 1768 salvus
955 1704 1025 1786 erit,
1060 1704 1117 1790 qui
1149 1712 1257 1768 autem
1290 1722 1357 1767 non

69 1806 256 1889 crediderit,
280 1804 493 1871 damnabitur.
538 1806 613 1871 Non
636 1815 742 1871 autern
764 1807 817 1872 hic
833 1807 961 1889 dicitur,
985 1808 1055 1871 sine
1067 1808 1261 1894 quacunque
1281 1804 1359 1887 fide,

64 1914 151 1977 sicut
165 1909 266 1999 aliqui
285 1909 444 1997 Judicant‚
468 1908 670 1997 impossibile
693 1919 751 1991 est,
773 1909 905 1998 placere
932 1909 1074 1975 Domino
1088 1910 1172 1993 Deo,
1196 1909 1253 1975 sed
1290 1911 1362 2000 sine

64 2015 131 2081 fide
154 2015 236 2101 legis
259 2014 400 2089 divinae,
413 2012 513 2078 Marc.
537 2018 568 2079 2.
592 2035 663 2099 cap.
676 2034 683 2076 :
696 2011 824 2079 Habete
846 2013 944 2079 fidem
954 2014 1030 2082 Dei.
1051 2012 1096 2078 Et
1110 2012 1198 2078 idem
1209 2013 1358 2099 Evange-

61 2121 139 2186 lista
160 2140 232 2205 cap.
257 2119 307 2186 l.:
330 2118 430 2184 Fides
440 2141 482 2184 ex
504 2117 625 2199 auditu,
637 2115 765 2182 auditus
787 2126 893 2182 autem
916 2115 1124 2205 perverbum
1136 2115 1208 2182 Dei.
1253 2115 1298 2180 Et
1319 2116 1361 2182 ed

65 2222 213 2291 Corinth.
249 2222 273 2288 J„
296 2222 327 2288 2.
349 2244 444 2310 cap:
468 2222 567 2288 Fides
589 2231 697 2293 autem
720 2229 831 2285 vestra
852 2243 918 2286 non
941 2222 983 2285 sit
1004 2219 1138 2286 frmdata
1159 2212 1362 2308 in'quadam

65 2328 225 2415 sapientia
254 2327 409 2410 humana3
443 2348 549 2414 neque
583 2326 679 2391 etiam
713 2327 769 2413 qui
792 2324 896 2390 credit
920 2327 1102 2414 cuicunque
1135 2325 1357 2393 constitutioni

64 2431 249 2514 hominum,
285 2429 500 2513 damnabitur,
534 2430 593 2495 sed
631 2430 685 2516 qui
721 2452 787 2495 non
824 2429 929 2494 credit
950 2429 1016 2516 legi
1039 2428 1180 2509 divinae,
1218 2444 1250 2498 et
1284 2454 1358 2499 ver·

64 2532 119 2599 bis
154 2533 275 2599 divinis
313 2535 347 2598 in
369 2556 447 2599 vero
478 2555 586 2616 sensu,
623 2532 837 2598 damnabitur.
884 2531 1091 2621 Quapropter
1128 2533 1190 2602 hoc
1213 2559 1255 2604 ex
1291 2537 1358 2603 illis

63 2659 133 2705 non
155 2638 328 2704 fallacibus
350 2638 433 2723 legis
455 2637 587 2704 divinae
610 2639 779 2725 scripturis
802 2635 947 2703 breviter
968 2639 1075 2703 citatis
1112 2651 1201 2708 certo
1224 2650 1257 2706 et
1277 2640 1356 2709 fina-

60 2742 141 2808 liter
163 2743 287 2824 scitote,
311 2741 398 2831 quod
420 2740 502 2806 fides
524 2740 567 2806 ad
590 2740 727 2805 salutem
750 2741 936 2806 necessaria
958 2740 1041 2806 nihil
1063 2743 1152 2809 aliud
1175 2747 1226 2829 sit,
1262 2767 1359 2832 quam

59 2846 196 2915 credere
218 2846 330 2912 verbis
351 2845 482 2927 divinis,
505 2867 571 2911 non
593 2843 757 2931 aliquibus
779 2853 914 2927 tantum,
946 2845 1006 2911 sed
1027 2849 1172 2936 plenarie
1195 2851 1357 2934 omnibus,

60 2954 95 3017 in
119 2972 231 3016 eorum
254 2972 351 3015 sensu
373 2959 484 3032 recto;
508 2949 556 3012 sic
578 2951 664 3014 enim
688 2948 895 3013 crediderunt
916 2971 1027 3015 omnes
1046 2953 1204 3036 salvandi,
1225 2976 1246 3019 a
1265 2955 1357 3044 prin·

60 3057 149 3142 cipio
181 3053 305 3131 mundi,
342 3052 492 3118 omnibus
523 3052 635 3118 verbis
658 3052 779 3117 divinis
816 3063 913 3140 prout
936 3055 983 3119 eis
1005 3055 1098 3121 Deus
1121 3057 1289 3133 revelavit,
1325 3068 1359 3125 et

61 3162 133 3226 sine
154 3158 212 3225 tali
233 3160 268 3224 in
292 3158 400 3225 Deum
422 3157 486 3223 fide
510 3157 617 3222 nullus
633 3158 768 3222 rationis
781 3179 887 3244 capax
902 3159 1046 3224 salvatus
1061 3158 1122 3224 fuit
1139 3162 1238 3247 juxta
1259 3164 1360 3250 scrip·

63 3274 189 3346 turam;
224 3265 307 3327 siout
340 3262 419 3326 dicit
452 3261 628 3348 apostolus,
663 3261 749 3347 quod
780 3261 851 3325 sine
873 3261 938 3328 fide
960 3285 1026 3328 non
1049 3265 1091 3328 sit
1111 3265 1268 3352 possibile
1292 3275 1353 3336 etc.

61 3367 106 3433 Et
128 3366 204 3431 ideo
227 3366 392 3453 apostolus
415 3366 457 3430 ad
467 3364 630 3452 Ephesios
653 3387 723 3452 cap.
745 3367 774 3430 4.
798 3367 946 3453 scripsit:
970 3366 1067 3448 Quod
1082 3369 1357 3450 unusDeus,una

64 3470 151 3538 fides
174 3472 259 3545 sint;
291 3493 366 3535 nam
389 3493 409 3536 a
429 3472 590 3558 principio
613 3469 726 3534 mundi
748 3471 829 3534 haec
851 3471 948 3536 unica
984 3472 1128 3538 salvifica
1149 3472 1219 3556 fuit,
1254 3481 1356 3537 estet

66 3577 137 3658 erit,
159 3576 194 3640 id
218 3585 283 3640 est:
308 3574 442 3639 eredere
465 3576 499 3638 in
521 3595 622 3639 unum
643 3596 756 3638 verum
779 3574 957 3640 Dominum
973 3576 1085 3640 Deum
1111 3575 1165 3641 Ad
1187 3575 1355 3662 haecpro·

63 3679 165 3768 pheta
187 3677 345 3744 Habacuc
367 3678 412 3743 ait
433 3679 462 3743 2.
486 3700 577 3765 cap:
599 3677 712 3742 Justus
736 3701 778 3743 ex
799 3679 864 3744 fide
886 3680 976 3745 vivit.
1020 3680 1064 3745 Et
1081 3680 1229 3745 Christus
1243 3680 1356 3746 Domi·

67 3805 131 3847 nus
170 3782 250 3847 dicit
298 3781 399 3846 Math.
433 3784 463 3847 4.
501 3804 590 3868 cap:
649 3781 757 3846 Homo
790 3784 872 3847 vivit
909 3806 951 3848 ex
985 3786 1100 3871 quovis
1134 3783 1235 3848 verbo
1271 3783 1357 3869 Dci3

65 3894 166 3972 atque
189 3885 262 3951 ideo
286 3887 367 3952 haec
388 3887 470 3951 fides
494 3887 613 3950 dicitur
635 3894 746 3950 sancta
767 3887 971 3968 universalis,
1004 3888 1089 3953 hanc
1111 3889 1197 3952 enim
1222 3889 1359 3976 quilibet

63 3992 241 4059 salvandus
264 3990 387 4071 babuit,
412 3999 443 4054 et
465 3989 538 4053 Deo
562 3992 776 4054 conservavit.
812 3989 898 4054 Hinc
915 3989 1062 4055 Christus
1084 3991 1185 4057 dixit:
1210 3995 1265 4078 qui
1289 4013 1356 4056 non

60 4095 247 4178 crediderit,
269 4095 303 4159 id
327 4104 377 4158 est
397 4092 506 4159 verbis
529 4092 660 4172 divinis,
684 4091 899 4158 damnabitur.
933 4093 976 4159 Et
992 4095 1081 4178 alibi,
1095 4096 1211 4161 Joann.
1229 4096 1259 4160 8.
1275 4117 1357 4185 caps

65 4200 104 4267 Si
126 4203 162 4266 in
181 4199 293 4265 verbis
315 4199 397 4263 meis
430 4199 674 4284 permanseritis
709 4208 741 4263 et
772 4197 902 4262 abillis
935 4221 1001 4264 non
1024 4201 1235 4281 recesseritis,
1270 4209 1358 4265 certe

60 4305 150 4370 servi
171 4305 236 4368 mei
259 4304 360 4368 eritis.
405 4301 484 4366 Ideo
507 4300 603 4365 afide
615 4301 698 4387 legis
721 4300 852 4366 divinae
873 4301 963 4367 nullo
987 4325 1092 4387 cursu,
1116 4304 1158 4369 ad
1173 4325 1225 4368 res
1240 4303 1357 4381 nullas,

63 4408 320 4476 consuetudines
344 4416 376 4471 et
399 4407 645 4471 constitutiones
667 4405 787 4471 nullius
810 4408 857 4471 rei
880 4409 985 4492 gratia
1006 4408 1226 4473 recedendum
1249 4417 1309 4472 est.

148 4513 251 4579 Simul
275 4509 401 4576 addidit
424 4508 601 4596 Malinsky,
636 4507 723 4595 quod
744 4511 800 4590 ita,
824 4510 908 4575 sicut
930 4511 1020 4587 haec,
1043 4514 1192 4598 quamvis
1214 4510 1358 4576 breviter

61 4627 96 4682 et
118 4617 282 4682 fructuose
304 4615 471 4703 proposita
494 4621 578 4694 sunt,
601 4611 713 4677 credat
737 4621 770 4676 et
793 4612 926 4678 credere
948 4613 1029 4680 velit
1062 4637 1136 4680 cnm
1158 4615 1283 4680 auxilio
1306 4613 1357 4678 di·

59 4723 140 4792 vino
161 4741 266 4811 usque
288 4719 330 4785 ad
351 4726 508 4803 mortem3
530 4728 646 4807 petens
669 4721 779 4803 etiam,
806 4720 836 4785 si
858 4717 911 4786 illi
931 4719 1064 4811 aliquid
1080 4719 1222 4798 melius,
1236 4723 1381 4805 praeter
