2948 5040
137 132 209 225 aaa

710 300 911 391 emunt.
1002 394 1005 399 ¹
1112 354 1118 363 .

142 482 180 542 In
201 501 260 559 quo
282 480 466 554 describitur,
489 452 637 557 quomodo
658 483 829 560 Pragenses
852 499 906 542 sua
927 481 988 541 alte
1018 486 1123 559 petant
1143 486 1174 541 et
1195 500 1250 560 per
1272 480 1437 561 arehiepis-

142 566 531 647 eepum=0eregomensem
561 571 656 628 multe
687 569 852 647 perficiant.
897 568 1038 628 Tandem
1058 566 1140 644 quod
1163 566 1266 630 Turca
1299 570 1333 628 in
1355 568 1439 628 Hun-

133 657 227 733 garia
247 654 356 714 damna
376 653 504 733 grandia
532 654 702 716 causaverit
730 664 759 714 et
790 653 990 732 Belegradum
1024 657 1259 733 expugnaverit,
1294 665 1326 717 et
1357 656 1437 733 qnod

142 762 196 801 rex
217 742 391 802 Ludovious
414 743 645 815 lamentabiliter
678 751 707 801 et
727 761 782 819 per
803 740 902 800 Deum
934 742 1097 820 rogaverit,
1126 751 1159 803 ut
1193 743 1291 803 eidem
1312 738 1438 815 Bohemi

141 828 289 888 auxilinm
310 829 452 889 tribuant.
497 829 635 910 Tandem
656 823 709 906 qui
736 828 780 913 ad
802 828 1024 907 expeditionem
1053 829 1131 888 banc
1152 826 1272 902 iverint,
1296 848 1368 889 cum
1391 848 1436 889 no·

142 914 271 975 minibus
293 915 422 989 illorum,
456 917 604 997 quomodo
634 917 708 1001 baec
728 934 830 992 pugna
851 924 974 993 peracta
1004 915 1091 976 inerit
1127 922 1157 975 et
1178 934 1233 976 rex
1255 914 1433 991 Ludovious

701 1001 893 1061 interireriti

89 1238 92 1243 Ι
209 1156 305 1221 =P0st
326 1164 416 1221 tanta
437 1153 574 1220 dissidia
590 1155 662 1242 jam
684 1175 723 1220 eo
746 1155 923 1222 deventum
943 1155 1014 1236 trit,
1036 1154 1322 1243 quodPragenses
1341 1180 1435 1225 cursu

141 1258 522 1346 talidignitatem'regis
545 1258 668 1324 domini
690 1261 741 1325 sui
762 1262 912 1347 aggressi
933 1260 1063 1344 fuerint,
1086 1261 1298 1357 pertinaciter
1330 1270 1367 1327 at
1386 1262 1430 1327 in·

141 1362 330 1430 obedienter
352 1387 387 1430 ee
409 1373 522 1431 nonna
547 1385 627 1450 eum,
642 1373 795 1452 gerentes
816 1373 852 1430 et
871 1363 973 1431 ferme
1006 1362 1194 1454 apparebat,
1230 1367 1324 1453 quasi
1338 1412 1343 1423 ·
1358 1388 1430 1433 eun·

141 1469 218 1535 dem
250 1491 308 1558 pro
332 1470 463 1539 domino
498 1491 555 1535 suo
578 1468 792 1535 haereditario
819 1469 940 1536 habere
961 1471 1098 1546 nollem,-
1130 1468 1166 1534 id
1188 1467 1322 1557 quidem
1347 1468 1431 1535 clare

141 1679 329 1751 satisfacere
362 1678 523 1747 stlocum
546 1678 625 1744 dare
647 1678 827 1764 voluerunt,
861 1688 898 1745 ut
930 1677 1094 1768 quendam
1121 1676 1162 1744 de
1194 1677 1246 1744 his
1280 1677 1430 1767 persenis

139 1782 183 1849 ad
204 1785 437 1869 summittant,
459 1782 635 1871 plurimum
658 1805 694 1848 se
716 1783 767 1848 his
784 1791 988 1866 excusantes,
1012 1782 1231 1870 dicentesque,
1254 1781 1347 1870 quod
1369 1781 1431 1849 illis

138 1887 351 1973 mandaverit,
384 1910 426 1954 ne
455 1887 529 1953 ullis
561 1887 708 1976 ejusdem
738 1888 841 1954 literis
864 1897 897 1954 et
917 1887 1080 1953 mandatis
1103 1886 1343 1975 obtemperent,
1375 1908 1429 1955 ox·

139 1995 243 2083 captis
264 1993 326 2077 his,
349 1995 385 2059 in
406 1992 534 2081 quibus,
558 1995 641 2060 siout
655 1993 711 2061 illi
733 1993 926 2077 fatebantur,
956 1991 999 2058 ad
1024 1991 1286 2059 informationem
1304 2013 1430 2085 eorum

54 2162 62 2177 ,
137 2098 255 2165 falsam
275 2098 357 2164 forte
380 2099 554 2165 consensit.
584 2097 677 2171 Haec
704 2107 814 2165 autem
835 2121 1002 2187 nunquam
1023 2098 1252 2186 probaverunt
1293 2095 1428 2164 Nullum

138 2207 225 2272 enim
246 2205 472 2290 argumentum
493 2203 590 2293 hujus
611 2225 725 2269 verum
747 2203 937 2270 habuerunt.
959 2194 1037 2269 Fuit
1054 2205 1163 2292 itaque
1185 2202 1275 2269 clara
1303 2199 1429 2267 falsitas

39 2370 47 2376 .
138 2319 171 2376 et
191 2311 320 2399 injuria.
350 2308 411 2375 Ille
433 2310 520 2377 enim
532 2306 795 2396 Ostrogomensis
806 2308 1079 2398 archiepiscopus,
1101 2317 1138 2374 ut
1157 2308 1244 2375 fama
1262 2306 1429 2374 hominurn

137 2414 275 2499 terebat,
308 2412 468 2501 quaedam
499 2413 542 2479 ad
562 2413 690 2479 Passek
722 2424 754 2479 et
786 2413 932 2502 ejusdem
965 2413 1155 2481 consodales
1176 2410 1292 2479 Budas
1324 2431 1426 2499 aeque

138 2518 294 2584 audacter
327 2520 363 2582 in
395 2516 546 2582 absentia
566 2519 659 2604 regia
679 2517 789 2583 dicere
810 2521 924 2606 potuit,
958 2521 1051 2607 quasi
1073 2519 1155 2587 haee
1186 2525 1299 2605 ageret
1322 2514 1424 2583 verbo

137 2623 246 2709 regis3
268 2621 394 2687 Passer
414 2643 493 2687 vero
515 2621 634 2688 deinde
656 2624 691 2687 in
713 2625 943 2689 communitate
964 2623 1123 2712 Pragensi
1144 2621 1226 2689 illud
1257 2641 1319 2710 pro
1344 2620 1426 2688 veri·

137 2735 202 2793 tate
223 2726 367 2793 evidenti
389 2725 572 2814 spargebat,
595 2726 681 2814 quod
701 2727 820 2799 deinde
841 2751 903 2795 rex
925 2751 1089 2817 nunquam
1110 2727 1272 2796 fatebatur
1303 2735 1342 2793 et
1374 2748 1426 2814 ap·

136 2830 314 2921 probabat5
347 2830 435 2919 quod
466 2831 632 2920 probatur,
665 2835 803 2899 sienim
831 2833 878 2898 ita
908 2855 1022 2899 verum
1043 2832 1166 2910 fuisset,-
1198 2830 1327 2899 Passek
1358 2851 1426 2902 ,non

13 2995 15 2999 .
135 2938 296 3003 omisisset
331 2936 395 3003 sibi
427 2936 592 3025 quandum
613 2937 709 3025 hujus
732 2938 887 3025 scriptam
909 2937 1136 3004 certitudinem
1162 2957 1360 3026 procurare,
1394 2942 1428 3001 ut

136 3041 266 3130 aliquid,
284 3041 428 3125 haberet,
451 3041 539 3129 quod
561 3042 760 3108 demonstret
786 3050 819 3107 et
842 3042 1004 3110 exhibeat
1048 3041 1201 3109 Secundo
1220 3062 1282 3133 rex
1302 3039 1425 3108 deiude

135 3168 301 3234 nunquam
329 3147 550 3234 Pragensibus
583 3146 625 3212 de
658 3146 709 3212 his
739 3142 934 3234 scripsisset,
968 3154 1004 3211 ut
1035 3145 1109 3212 illas
1142 3167 1299 3235 personas
1321 3144 1368 3213 ad
1389 3165 1425 3211 se

136 3252 273 3330 mittant,
307 3253 362 3340 qui
395 3251 549 3317 dixerunt
582 3273 618 3317 se
640 3250 725 3317 hanc
740 3251 941 3319 voluntatem
962 3253 1034 3340 ejus
1065 3250 1242 3345 audivisse,
1272 3258 1306 3316 et
1328 3257 1368 3317 ut
1387 3270 1422 3323 at

135 3356 273 3444 amplius
303 3357 353 3422 his
385 3380 451 3423 non
480 3365 640 3440 tueantur,
673 3365 769 3444 prout
802 3359 899 3423 etiam
931 3357 993 3423 hoo
1025 3355 1134 3423 iacere
1155 3377 1324 3444 nunquam
1348 3354 1420 3423 ausi

98 3514 100 3520 .
134 3459 272 3544 fuerunt,
294 3470 331 3526 ut
352 3459 510 3548 quosdam
533 3482 571 3526 eo
593 3461 732 3527 mittant.
754 3460 883 3548 Terti03
907 3483 1042 3529 necesse
1063 3482 1130 3529 non
1151 3460 1267 3528 fuisset
1287 3460 1364 3549 regi
1384 3458 1424 3529 do

135 3565 186 3630 bis
207 3565 346 3654 amplius
370 3564 547 3648 sollicitari,
569 3586 632 3631 nee
654 3574 797 3632 oratores
830 3570 969 3653 mittere,
991 3590 1110 3656 nempe
1146 3565 1295 3635 dominos
1316 3565 1423 3644 Mora·

134 3671 262 3736 vienses
287 3669 450 3736 Colinium
472 3668 515 3734 ad
537 3670 669 3735 comitia
689 3671 928 3759 praecedentia,
960 3682 997 3740 ut
1017 3671 1090 3741 loce
1111 3675 1199 3761 regis
1222 3694 1296 3740 curn
1319 3672 1423 3765 pleni·

134 3777 279 3861 potentia
299 3783 400 3862 agant
419 3776 505 3840 inter
518 3775 701 3862 Pragenses
724 3785 757 3843 et
778 3778 902 3862 exules,
925 3779 1009 3846 siout
1030 3787 1127 3845 antea
1150 3777 1273 3845 dietum
1294 3776 1423 3858 {uitet

135 3879 183 3943 sio
205 3878 246 3944 de
269 3879 351 3947 aliis.
375 3880 515 3968 Dignius
539 3881 624 3946 enim
647 3889 696 3947 est
716 3881 768 3948 his
790 3883 939 3951 omnibus
963 3883 1107 3968 credere,
1130 3904 1228 3972 quam
1237 3882 1368 3949 Passek
1389 3890 1421 3948 et

135 3986 280 4074 ejusdem
301 3989 450 4056 omnibus
473 3987 581 4074 sociis,
604 3998 660 4055 aut
682 3989 927 4077 archiepiscopo
939 3989 988 4056 illi
1008 3988 1143 4075 infideli,
1167 4010 1210 4055 ex
1231 3987 1418 4071 baccansa,

134 4093 209 4179 quia
226 4095 297 4182 jam
317 4097 388 4183 regi
408 4095 592 4184 pertinebat
613 4094 655 4160 dc
678 4115 816 4161 excessu
830 4094 915 4161 facto
936 4095 1114 4184 poenitere,
1135 4096 1221 4162 ultra
1242 4114 1342 4181 quern
1364 4092 1421 4158 vix

134 4198 238 4284 major
260 4221 332 4265 esse
353 4202 467 4288 potuit,
490 4200 573 4265 haec
601 4198 712 4265 omnia
735 4198 861 4266 silentio
895 4222 968 4265 cum
1002 4201 1070 4267 suis
1099 4201 1296 4268 consiliariis
1328 4223 1419 4291 prae·

134 4302 241 4387 terire,
264 4303 368 4370 donec
389 4306 423 4370 in
444 4305 635 4370 Bohemiam
655 4303 786 4369 rediret.

218 4405 278 4473 Illo
300 4416 444 4496 tempore
458 4409 565 4474 Turca
579 4410 731 4475 inimicus
753 4409 890 4496 grandia
911 4410 1030 4477 damna
1043 4413 1079 4478 in
1094 4419 1202 4500 ‘regno
1226 4410 1417 4500 Hungariae

133 4514 279 4580 causavit
312 4522 344 4577 et
375 4512 592 4601 Belegradum
624 4511 823 4599 fortalitium,
857 4515 945 4604 quod
973 4516 1008 4583 in
1051 4517 1196 4606 ejusdem
1234 4516 1417 4586 confinibus

133 4626 191 4700 est,
213 4619 248 4683 vi
269 4619 449 4705 occupavit,
472 4620 507 4683 in
530 4641 592 4707 quo
612 4619 680 4689 solo
703 4642 768 4689 nou
790 4622 961 4709 acquievit,
985 4620 1043 4688 sed
1066 4622 1162 4689 etiam
1176 4621 1305 4689 Budam
1326 4623 1417 4691 adiro

133 4725 276 4789 tentavit.
320 4723 393 4790 Rex
414 4745 493 4790 vcro
514 4724 699 4794 Ludovious
722 4749 902 4814 agnoscens
925 4749 1078 4817 magnum
1100 4750 1194 4795 suum
1223 4728 1418 4818 pericnlum,
