2948 5040
139 160 204 228 214

134 329 269 421 quidam
306 330 397 399 cives
420 338 453 398 et
467 329 574 420 judex
595 330 777 399 citaverunt
798 338 831 396 et
853 330 1007 401 dixerunt
1027 332 1068 409 ei,
1101 352 1142 397 an
1163 329 1212 397 illi
1232 326 1359 409 licitum
1380 322 1430 416 sit,

131 434 310 524 sejudicio
332 435 498 501 hominum
520 456 693 524 opponere,
731 430 804 500 dum
826 435 880 501 isti
897 436 993 523 juste.
1007 435 1049 501 ad
1070 444 1205 503 mortem
1236 437 1430 506 condemna·

130 545 157 609 ti
175 545 246 609 'sint
267 541 310 608 ab
331 540 409 625 illis,
431 542 488 629 qni
509 539 670 607 doctiores
693 546 769 604 sunt
788 541 823 605 in
837 539 912 625 fide,
933 536 1033 629 quam
1055 541 1119 611 ille.
1158 542 1339 631 Respondit
1360 543 1430 612 ille:

131 646 211 732 quid
243 645 287 711 ad
308 667 361 710 me
383 644 531 711 doctrina
563 643 739 726 hominum,
762 666 824 730 ego
846 643 969 730 dirigor
990 643 1056 710 tide
1078 644 1274 733 christiana3
1297 646 1430 715 audire·

130 773 202 818 ram
224 752 366 837 enimin
405 751 544 817 ecclesia
565 749 708 833 Christi,
731 758 904 835 antequam
916 749 990 835 quis
1001 749 1146 837 profiteri
1169 749 1305 817 deberet
1319 752 1430 820 Chris·

132 864 200 923 tum
232 853 448 951 personaliter
469 860 675 942 praesentem
710 855 745 919 in
767 854 862 921 altari
883 863 939 919 aut
970 856 1111 941 inpane
1145 876 1227 939 esse,
1261 865 1299 921 ut
1314 850 1426 945 'potius

130 961 298 1029 moriatur.
333 958 430 1040 Quod
453 959 577 1025 eisdem
599 982 663 1026 non
678 959 809 1048 placuit,
830 958 976 1024 illevero
990 956 1032 1023 ab
1046 959 1093 1023 eis
1115 960 1250 1025 recessit
1271 961 1309 1025 in
1333 961 1431 1029 alium

130 1065 236 1132 lecum
261 1085 439 1147 carcerum,
463 1073 495 1129 et
516 1063 618 1131 altera
639 1062 694 1129 die
716 1062 911 1128 mandarunt
937 1062 1029 1128 illurn
1051 1062 1127 1128 duci
1148 1058 1191 1128 ad
1205 1066 1329 1129 curiam
1346 1067 1430 1133 inter

130 1170 212 1236 alios
234 1171 392 1257 captivos.
414 1168 494 1233 Post
514 1169 639 1257 aliquot
660 1190 738 1233 vero
761 1168 842 1249 dies,
864 1167 967 1232 ferme
989 1168 1085 1233 tertia
1104 1170 1297 1254 septimana,
1315 1168 1429 1237 duxe

129 1282 204 1341 runt
224 1273 317 1339 illum
338 1272 381 1338 ad
403 1295 511 1338 arcem
534 1270 744 1359 Pr'agensem,
767 1280 800 1337 et
811 1269 947 1337 statibus
958 1269 1049 1336 illum
1060 1280 1307 1358 praesentarunt
1323 1274 1429 1363 (erant

130 1380 217 1444 enim
239 1387 317 1443 tunc
353 1378 508 1461 comitia),
543 1376 601 1443 ubi
622 1375 723 1442 multa
743 1375 807 1462 ipsi
841 1372 1063 1462 loquebantur,
1098 1382 1130 1438 et
1160 1376 1278 1442 iterum
1300 1376 1344 1443 ab
1375 1379 1429 1444 illo

80 1568 86 1577 ἐ
130 1503 289 1570 responsa
322 1479 398 1546 data
431 1481 521 1546 fuere
542 1480 692 1569 plurima,
727 1481 869 1546 maxime
892 1479 1022 1568 quando
1043 1477 1205 1545 referebat
1226 1502 1352 1562 casum,
1371 1472 1456 1571 qui'

95 1616 98 1621 ·
131 1587 196 1673 ipsi
219 1585 348 1653 accidit.
390 1585 536 1651 Tandem
572 1586 776 1668 mandarunt,
798 1594 835 1649 ut
856 1583 1023 1672 paululum
1045 1584 1186 1669 recedat,
1209 1595 1341 1673 etpost
1363 1611 1430 1654 me·

129 1712 198 1756 ram
221 1690 379 1755 miserunt
399 1689 442 1755 ad
463 1690 554 1755 illum
565 1691 732 1756 dominum
755 1689 998 1776 Sigismundum
1022 1687 1188 1776 Smiriaky
1214 1700 1246 1755 et
1261 1691 1428 1760 dominum

90 1881 93 1886 Ι
130 1796 313 1887 Cesconem
337 1794 542 1883 Strojeticky,
566 1792 621 1884 qui
657 1797 764 1882 ipsum
788 1795 919 1860 allocuti
941 1800 1025 1875 sunt,
1048 1803 1084 1858 ut
1095 1792 1211 1878 edicat
1233 1817 1276 1860 an
1298 1798 1426 1865 credat:

129 1880 206 1965 dum
240 1900 390 1966 sacerdos
428 1913 596 1967 consecrat
630 1923 747 1989 panem
783 1910 815 1966 et
850 1903 972 1982 vinum,
1008 1898 1094 1984 quod
1117 1899 1176 1964 sub
1199 1903 1310 1988 specie
1334 1906 1427 1991 panis

128 2028 243 2071 verum
265 2004 387 2071 Christi
409 2028 525 2095 corpus
563 2005 646 2070 adsit
679 2015 711 2071 et
745 2007 876 2093 sanguis
898 2005 1020 2073 Christi
1043 2002 1102 2070 sub
1126 2006 1234 2090 specie
1255 2007 1346 2092 vini3
1378 2008 1428 2075 vel

130 2131 172 2174 an
205 2109 391 2176 sacerdotes
424 2108 465 2174 da
499 2107 629 2175 Christo
666 2112 824 2194 nesciant,
846 2112 990 2197 nisiprc
1013 2108 1133 2175 illaad
1170 2109 1297 2176 coelum
1331 2114 1431 2180 vade·

128 2213 225 2281 rent?
261 2214 351 2281 Dum
385 2237 462 2300 ergo
495 2215 586 2280 illum
619 2214 662 2280 ad
683 2237 874 2323 responsum
897 2230 1081 2302 coegerunt,
1104 2217 1202 2285 dixit:
1225 2218 1299 2305 Ego
1333 2221 1427 2287 credo

124 2322 222 2409 juxta
254 2318 353 2386 fidem
391 2319 610 2405 christianam,
633 2343 716 2409 quae
739 2331 788 2386 est
809 2344 888 2387 vera
910 2331 942 2386 et
962 2321 1117 2409 perfecta,
1147 2322 1282 2388 cuilibet
1303 2323 1424 2391 homini

130 2414 333 2492 adsalutem
355 2427 549 2509 necessaria,
586 2428 655 2491 sine
678 2449 741 2514 qua
762 2426 827 2493 fide
857 2439 889 2492 et
921 2430 992 2493 sine
1013 2430 1149 2494 veritate
1172 2428 1242 2514 ejus
1266 2451 1286 2493 a
1306 2431 1426 2516 princi·

129 2531 184 2618 pio
207 2529 320 2623 mundi
353 2529 461 2595 nullus
499 2529 596 2596 homo
619 2530 728 2596 salvus
749 2531 819 2613 fuit,
842 2554 903 2598 nec
924 2555 1011 2598 nunc
1048 2543 1106 2617 est,
1128 2556 1234 2622 neque
1256 2557 1367 2624 usquo
1383 2537 1420 2602 ad

129 2636 405 2701 consumationem
428 2634 550 2700 saeculi
572 2637 641 2702 erit
688 2635 784 2717 Quod
804 2645 911 2702 autem
933 2639 1101 2703 concernit
1121 2636 1223 2704 verba
1244 2637 1374 2717 Christi
1389 2643 1423 2707 in

129 2741 533 2829 consecratione‘corporis
570 2750 601 2806 et
622 2740 800 2828 sanguinis,
833 2741 1001 2830 respondit
1008 2768 1034 2826 ,·
1052 2741 1138 2830 quod
1171 2743 1284 2810 credat
1311 2745 1425 2813 verbis

130 2842 262 2928 Christi,
286 2845 374 2934 quod
393 2847 486 2935 panis
509 2847 552 2911 sit
573 2868 689 2934 corpus
712 2845 833 2912 Christi
867 2856 899 2912 et
920 2847 1032 2913 vinum
1055 2848 1090 2912 in
1111 2846 1213 2914 calice
1237 2851 1425 2939 sitsanguis

130 2949 263 3034 Christi,
301 2951 378 3017 dum
414 2951 471 3017 illa
493 2960 723 3018 consecrantur
755 2973 875 3018 avere
899 2951 1067 3018 sacerdote
1090 2942 1221 3019 Christi.
1265 2954 1313 3020 Et
1351 2957 1423 3023 dum

127 3055 210 3121 bace
231 3056 379 3132 dixisset,
413 3052 550 3143 rogavit,
574 3055 722 3123 utillum
744 3078 847 3144 penes
871 3055 952 3122 haec
984 3055 1170 3144 relinquant
1191 3060 1225 3124 et
1246 3060 1336 3127 ultra
1358 3084 1420 3129 non

129 3169 276 3246 urgeant.
319 3160 382 3225 His
405 3160 501 3226 dictis
537 3159 722 3248 obligarunt
742 3161 843 3244 illum,
867 3161 927 3227 sub
962 3159 1028 3226 fide
1051 3171 1082 3226 et
1113 3161 1282 3231 honestate
1312 3166 1421 3249 nobili,

129 3274 165 3329 ut
186 3275 371 3354 compareat
403 3288 511 3332 coram
547 3287 640 3353 rege·
657 3275 691 3332 et
712 3268 900 3356 proceribus
934 3268 989 3334 die
1028 3270 1142 3335 Martis
1174 3278 1248 3357 post
1285 3280 1420 3358 quatuor

127 3378 275 3459 tempora
296 3374 445 3460 proxime
466 3373 595 3458 futura3
619 3373 774 3440 dimissus
795 3395 953 3439 veronen
975 3373 1045 3456 fuit,
1065 3375 1129 3439 nisi
1151 3382 1225 3461 post
1247 3373 1332 3440 duos
1358 3375 1420 3441 fere

129 3497 241 3560 annos,
264 3478 338 3565 quia
359 3498 419 3543 rex
439 3477 665 3545 Fordinandus
687 3500 757 3545 rem
778 3477 863 3544 hanc
885 3500 1014 3566 semper
1033 3481 1138 3566 magis
1160 3477 1295 3544 distulit.
1353 3486 1356 3491 '

677 3691 823 3758 CAPUT
846 3695 876 3759 9.
989 3692 992 3699 ’

84 3886 88 3893 ·
127 3866 189 3929 Ubi
206 3877 344 3929 narratur
361 3870 398 3929 de
416 3871 570 3932 innocenti
592 3881 686 3932 morte
698 3874 816 3933 Nicolai
838 3882 867 3933 et
883 3870 999 3947 Clarae,
1010 3880 1039 3931 et
1054 3864 1293 3930 concrematione
1309 3888 1417 3941 eornm,

128 3955 208 4031 quod
230 3957 269 4016 ad
291 3965 415 4018 mortem
437 3966 467 4017 et
489 3955 669 4038 supplicium
684 3962 879 4038 procedentes
902 3962 985 4021 nullo
1008 3958 1096 4020 modo
1108 3958 1228 4016 flectere
1252 3957 1416 4033 voluerunt,

128 4059 224 4116 neque
246 4042 335 4104 aliter
356 4064 452 4120 orare,
474 4042 536 4106 nisi
558 4047 597 4106 ad
619 4048 717 4107 Deum
733 4049 846 4121 vivum,
870 4048 923 4132 qni
946 4049 975 4107 in
1001 4044 1092 4106 coelis
1109 4050 1164 4117 est,
1188 4054 1218 4103 et
1240 4060 1333 4118 quam
1355 4062 1417 4104 con·

480 4141 593 4194 stantes
614 4133 725 4194 luerint
746 4156 840 4214 usque
860 4138 898 4196 ad
919 4142 1053 4195 mortem.

210 4296 300 4363 Dum
323 4320 400 4387 ergo
422 4304 469 4368 ita
492 4314 643 4390 ageretur
664 4307 749 4372 inter
771 4306 858 4374 hunc
881 4307 1062 4386 tumultum,
1085 4308 1139 4374 die
1154 4306 1309 4399 Mercurii
1328 4313 1418 4395 prout

126 4402 314 4469 mandatum
336 4405 407 4490 fuit,
430 4416 506 4473 ante
529 4409 675 4495 vigiliam
707 4410 739 4478 S.
763 4412 917 4496 Thomas,
956 4422 988 4479 et
1008 4413 1170 4483 Dominus
1191 4411 1416 4498 Perknowshy

126 4510 365 4596 suprascriptus
401 4511 444 4577 ad
478 4511 558 4578 haec
596 4512 799 4599 advenisset,
836 4515 965 4604 quando
1011 4517 1103 4583 illum
1133 4517 1305 4584 Nicolaum
1350 4538 1417 4583 cum

127 4608 226 4677 Clara
261 4624 335 4700 post
368 4615 669 4684 condemnationem
706 4620 748 4685 ad
770 4622 965 4710 supplicium
981 4658 985 4669 ·
1004 4622 1175 4708 duxerunt,
1213 4632 1250 4689 ut
1282 4623 1319 4689 in
1344 4641 1417 4708 rogo

118 4727 376 4806 concrementur,
413 4730 446 4789 et
478 4721 556 4791 dum
578 4744 692 4793 versus
713 4724 821 4794 aulam
844 4729 967 4813 regiam
989 4729 1165 4812 venbsent,
1187 4729 1245 4798 ubi
1274 4730 1310 4797 in
1330 4747 1416 4795 muro
