2948 5040
1344 158 1394 229 -81

72 325 290 412 admiserunt,
325 326 383 393 sed
416 326 642 393 administrare
675 347 769 395 sacra
797 325 1012 410 admiserunt,
1050 325 1147 393 etiam
1170 326 1391 419 rebaptisare,

74 441 108 499 et
128 433 263 520 ipsimet
284 439 382 498 noctu
405 430 525 497 talibus
546 428 757 497 concionibus
788 417 1014 499 interfuerunt.

161 534 266 621 Item,
301 537 368 603 Sua
388 534 544 623 Majestas
577 534 681 621 Regia
712 534 868 603 mandare
900 534 1034 622 dignata
1067 532 1148 619 fuit,
1184 533 1228 603 de
1260 558 1390 607 consen

77 640 210 706 vatione
242 641 353 727 pacis,
388 638 580 713 concordiae
621 649 654 704 et
685 638 881 709 christianae
918 639 1096 723 charitatis,
1133 646 1170 707 ut
1190 662 1266 711 oum
1297 650 1389 732 purte

77 744 230 810 Romana
251 762 386 829 agamus
408 742 451 810 de
473 741 693 831 compactatia,
716 742 835 811 stillis
857 745 1027 830 uniamur,
1050 742 1100 809 illi
1120 764 1200 813 vero
1224 767 1297 814 cum
1321 750 1389 817 suis

78 845 335 914 adhaerentibus
358 845 479 913 similia
492 874 494 879 ·
510 845 763 934 impediverunt

168 951 274 1037 Item,
312 949 389 1017 dum
428 949 588 1037 agebatur
609 950 652 1016 de
687 950 891 1038 expositione
913 950 1061 1041 corporis
1085 949 1208 1019 Christi
1237 953 1272 1019 in
1294 975 1385 1019 mon·

81 1057 232 1138 strantia,
256 1064 323 1121 tum
345 1053 512 1121 irridendo
535 1054 709 1121 dixerunt:
730 1053 828 1138 Ecca,
847 1056 918 1143 jam
939 1054 1033 1122 nohis
1065 1054 1179 1123 Jesum
1202 1055 1383 1124 absconde·

81 1170 171 1240 runt,
195 1183 292 1249 quem
313 1157 410 1226 modo
432 1158 668 1227 adorabimus?
689 1157 734 1223 Et
755 1157 836 1225 alios
857 1168 968 1248 turpes
992 1181 1157 1227 sermones
1188 1159 1338 1229 edebant.

630 1365 779 1433 CAPUT
800 1367 853 1433 30.

82 1478 208 1540 Finitur
228 1476 394 1556 propositio
416 1477 607 1537 articulorum
641 1495 659 1536 a
692 1474 866 1537 christianis
899 1474 1037 1537 fidelibus
1059 1483 1163 1537 oontm
1194 1475 1383 1539 Pichhartas

169 1679 274 1748 Simul
297 1681 344 1746 ita
380 1689 413 1745 et
434 1679 569 1745 ulterius
607 1681 825 1767 scripserunt:
847 1678 936 1743 Dum
958 1677 1261 1765 Mimo-Pragenses
1287 1679 1378 1748 cives

74 1793 110 1851 et
139 1793 273 1849 senatus
306 1784 442 1850 consilia
464 1783 634 1849 nobiscum
656 1783 831 1865 iniverunt,
855 1783 935 1869 quid
957 1803 1030 1847 cum
1053 1779 1238 1848 hominibus
1260 1783 1380 1851 talibus

72 1909 176 1975 agera
210 1886 361 1970 debeant,
399 1888 455 1975 qui
477 1887 511 1951 in
534 1886 685 1952 convitiis
708 1894 741 1951 at
763 1884 926 1951 erroribus
948 1881 1139 1950 versantur?
1176 1884 1322 1961 dicentes
1346 1911 1382 1956 sa

71 1992 116 2058 de
139 1992 191 2058 his
213 1993 284 2079 jam
317 1991 389 2078 regi
419 1992 611 2081 scripsisse,
633 2011 693 2055 nos
734 2011 814 2055 vero
836 1990 884 2055 eis
906 1988 1143 2077 respondimus,
1167 1998 1200 2054 et
1220 1989 1282 2056 hoo
1304 2012 1379 2057 oon·

72 2095 186 2161 silium
208 2093 384 2178 dedimus,
408 2116 451 2158 ne
474 2115 548 2160 oum
571 2092 732 2159 similibus
754 2090 853 2157 rebus
876 2101 1063 2181 properent,
1096 2089 1155 2156 sad
1187 2113 1381 2182 responsum

73 2200 169 2284 regis
207 2195 453 2285 praestolentur,
477 2208 510 2263 et
533 2197 610 2263 dum
633 2196 668 2262 hi
690 2196 929 2280 discessissent,
953 2204 1030 2262 tunc
1051 2217 1135 2260 unus
1157 2192 1199 2259 de
1235 2197 1381 2264 officiali·

74 2301 143 2366 bus
178 2301 271 2386 regiis
295 2300 337 2367 ad
375 2309 522 2367 senatum
543 2302 667 2367 intrans
705 2302 856 2391 opposuit
892 2298 1011 2367 nobis:
1048 2321 1105 2366 cur
1137 2297 1212 2367 illos
1248 2303 1377 2390 regium

76 2423 269 2492 responsum
306 2415 481 2493 expectare
512 2404 708 2490 jubeamus,
745 2405 832 2494 quod
855 2404 936 2472 haec
968 2404 1040 2471 fieri
1063 2425 1129 2471 non
1151 2401 1292 2476 debeant
1299 2456 1309 2493 ,
1348 2417 1381 2476 et

73 2506 164 2597 quod
194 2508 331 2598 perinde
368 2510 501 2598 quidam
521 2507 627 2577 bonae
649 2498 767 2576 mentis
789 2510 857 2578 vita
893 2510 1017 2597 privari
1049 2521 1170 2599 posset,
1193 2534 1260 2580 non
1291 2512 1380 2580 enim

70 2611 171 2696 hunc,
193 2613 278 2679 sicut
299 2613 408 2697 alium,
431 2635 543 2701 regem
566 2636 647 2700 esse,
660 2615 715 2703 qui
745 2636 780 2680 se
802 2614 910 2704 ipsum
930 2635 1046 2701 regere
1068 2618 1183 2707 nescit,
1208 2626 1240 2685 et
1262 2615 1376 2707 quales

73 2738 148 2782 ease
172 2716 376 2783 consiliarios
400 2718 469 2805 ejus
493 2727 555 2784 etc.

162 2818 260 2902 Quod
283 2821 410 2887 erronei
433 2820 483 2887 illi
504 2821 652 2907 homines
675 2821 805 2908 saepius
829 2822 924 2890 nobis
946 2826 1060 2891 minati
1095 2825 1179 2911 sint,
1209 2824 1371 2893 dicentes:

74 2921 307 3013 Experiemini
324 2923 411 2992 mala
426 2933 577 2990 secutura
599 2932 631 2989 et
652 2931 826 3011 antequam
849 2925 972 3015 aliquot
994 2928 1064 2994 dies
1086 2929 1140 2996 vel
1169 2932 1369 3020 septimanae

72 3028 309 3117 praeteribunt,
345 3030 502 3113 rescietis,
527 3027 605 3116 quid
640 3028 706 3095 fiet.
751 3029 898 3096 Tandem
931 3031 985 3097 die
1006 3031 1104 3098 lunae
1126 3043 1201 3122 post
1223 3034 1256 3101 S.
1286 3035 1372 3101 Lau·

70 3135 174 3201 rentii
195 3133 282 3200 diem
320 3142 543 3201 convenerunt
564 3134 649 3198 inter
671 3156 706 3199 se
728 3135 762 3200 in
794 3157 893 3201 causa
920 3135 1252 3224 Mimo-Pragensium
1283 3160 1375 3204 sena·

69 3248 200 3323 torum,
233 3236 400 3304 dicentes:
435 3237 521 3326 quod
553 3238 588 3302 in
620 3260 723 3324 parva
755 3247 846 3327 parte
869 3240 953 3306 inter
986 3238 1102 3307 fratres
1134 3241 1288 3309 tumultus
1322 3244 1374 3309 sit.

69 3342 188 3435 Itaque
209 3344 295 3411 inter
317 3345 516 3410 seinvicem
538 3343 686 3409 notitiem
708 3343 850 3428 dabant,
872 3354 908 3410 ut
929 3344 1101 3433 invigilent
1135 3355 1168 3411 et
1200 3368 1236 3411 se
1268 3347 1375 3435 provi·

71 3448 184 3527 deant,
209 3449 295 3537 quod
329 3449 392 3515 hac
423 3458 519 3515 nocte
541 3448 674 3514 tentatio
697 3448 865 3538 quaedam,
879 3452 1052 3535 exorietur,
1062 3450 1191 3539 quando
1205 3451 1371 3540 campanis

72 3551 258 3643 pulsabitur
280 3561 313 3618 ct
333 3553 419 3619 tubis
452 3552 627 3635 inflabitur,
665 3554 771 3620 locum
806 3552 870 3621 sibi
892 3556 1158 3642 assignaverunt,
1180 3556 1237 3621 ubi
1260 3576 1373 3621 conve·

70 3659 145 3725 nire
181 3666 214 3725 et
245 3657 387 3722 invicem
416 3657 564 3722 invenire
585 3667 727 3744 possent,
751 3659 880 3745 signum
902 3659 1114 3743 insinuantes,
1138 3669 1171 3725 et
1201 3669 1237 3725 ut
1259 3660 1370 3724 lumen

73 3761 106 3841 in
145 3760 297 3828 domibus
320 3771 494 3850 procurent
516 3762 639 3827 haberi.
684 3761 786 3829 Nobis
820 3771 943 3847 autem,
982 3764 1037 3851 qui
1073 3762 1150 3829 fidei
1186 3764 1371 3831 vetustioris

69 3866 202 3951 fuimus,
224 3867 306 3932 nihil
328 3869 583 3952 insinuaverunt,
606 3889 668 3933 neo
689 3867 878 3954 periculum,
901 3890 1006 3953 neque
1029 3871 1167 3955 signum,
1190 3890 1252 3934 neo
1264 3868 1370 3935 locum

67 3972 307 4057 iudicaverunt,
343 3972 400 4037 ubi
432 3974 605 4038 convenire
642 3968 834 4059 debeamus3
857 3994 971 4038 verum
1000 3973 1049 4038 illi
1082 3995 1238 4061 personas
1276 3996 1369 4063 quas·

67 4068 157 4163 dam,
185 4076 227 4144 de
262 4085 356 4143 nocte
389 4078 424 4143 in
460 4079 583 4144 curiam
619 4078 819 4162 citaverunt,
843 4079 899 4144 ubi
923 4077 1054 4166 quidam
1076 4080 1191 4144 armati
1223 4080 1367 4145 invenie-

69 4178 212 4266 bantur,
251 4203 289 4245 ao
312 4180 443 4247 domum
465 4182 590 4248 reversi
627 4183 782 4249 dixerunt
803 4206 838 4250 se
861 4205 933 4249 esse
956 4183 1111 4271 proditos,
1135 4192 1167 4248 et
1189 4183 1275 4272 quod
1305 4184 1367 4250 hac

69 4294 171 4355 nocte
207 4284 309 4351 multa
331 4285 418 4352 bona
438 4285 510 4352 fieri
532 4285 711 4354 debuerint.
754 4289 819 4354 Die
855 4290 967 4354 martis
988 4310 1067 4354 vero
1090 4286 1222 4375 quidam
1244 4287 1286 4354 de
1316 4289 1367 4353 his

71 4388 174 4459 extra
196 4390 342 4477 Pragam
359 4400 581 4479 perrexerunt,
620 4401 652 4457 et
689 4395 744 4481 qui
766 4393 808 4457 ad
832 4403 979 4458 senatum
1014 4390 1226 4477 advenerunt,
1260 4390 1370 4457 locum

70 4490 119 4567 ibi
141 4518 211 4569 non
232 4494 399 4581 habentes,
434 4519 451 4562 e
488 4507 601 4564 senatu
630 4509 852 4584 recesserunt5
887 4520 970 4586 quae
992 4507 1099 4564 eutem
1134 4498 1170 4563 in
1191 4499 1246 4563 via
1267 4496 1368 4562 locuti

70 4594 204 4686 fuerint,
240 4600 316 4667 dum
338 4602 373 4667 in
396 4602 494 4667 armis
531 4602 585 4668 vel
607 4600 708 4669 lorica
729 4612 969 4692 processerunt,
992 4601 1049 4669 illa
1071 4603 1106 4668 in
1129 4601 1225 4668 dictis
1257 4621 1371 4667 servo·

71 4728 147 4775 rum
170 4704 385 4788 continentur,
408 4711 495 4796 quod
515 4729 634 4796 nempe
655 4707 710 4775 hic
731 4709 787 4777 vel
808 4708 890 4778 alter
912 4707 1050 4794 dixerit,
1080 4704 1308 4877 quobznostris
1322 4711 1394 4767 us-
