2948 5040
1286 128 1367 199 Ι’289

1328 322 1368 360 a,

624 352 731 444 Oaput
767 358 819 425 23.
1309 321 1361 371 Η

58 453 100 508 lbi
123 458 239 518 notatur,
258 448 329 519 quod
365 448 479 501 lemures
513 445 642 510 nocturni,
659 444 732 509 qnasi
751 443 869 498 homines
887 449 977 501 armati
996 449 1194 506 obambulantes
1208 455 1292 521 judici

86 521 188 578 Burnik
218 534 248 572 se
269 518 490 578 monstraverint3
508 521 535 568 et
564 512 637 581 quod
655 511 843 565 baccalaureus
861 514 894 567 ab
912 516 981 569 atie
1008 518 1096 573 Leone
1115 522 1186 588 apud
1204 540 1294 594 regem

88 593 186 661 egerit,
206 599 234 646 nt
252 587 414 642 Piclthartae
434 582 605 653 expellantur,
623 588 651 714 ὃ
669 579 731 712 tlon}
748 582 900 715 {fuisset
919 588 1036 640 nuntium
1055 590 1164 644 attulit.
1199 636 1206 650 ,
1243 631 1251 647 .
1287 636 1293 650 ,
1327 596 1362 651 63

58 745 121 814 Quo
140 754 264 799 notantur
273 740 400 794 articulis
418 746 471 792 tota
490 671 783 803 communitatepelecti,
802 746 828 790 et
846 745 986 816 acceptati,
1003 753 1031 798 ut
1049 761 1097 815 pro
1116 749 1209 804 laturis
1222 759 1289 806 tem·

88 815 200 885 potibus
219 819 369 875 serventur,
390 815 417 863 el
434 815 496 860 sunt
513 807 604 876 Vlssliiil
624 805 676 857 ‘1¹¹⁰
728 841 1294 875 ..............
1330 821 1364 876 69

626 872 734 961 Caput
755 872 809 941 25.

58 971 109 1025 tibi
133 969 193 1024 finis
211 966 379 1025 articulorum
397 964 504 1035 ponitur
552 997 1291 1033 ..................
1327 975 1361 1030 71
1394 1026 1397 1033 ¹
1456 1014 1459 1019 ,

624 1026 732 1118 (laput
754 1031 807 1098 26.

57 1125 83 1181 ln
105 1142 159 1195 quo
177 1127 271 1196 agitur,
290 1120 422 1193 quomodo
440 1119 585 1187 Pragenseo
603 1125 664 1185 post
681 1119 834 1172 conclusum
851 1120 943 1176 luorum
961 1125 1128 1180 articulorum
1148 1145 1207 1181 cnm
1227 1132 1290 1185 civi·

87 1195 140 1249 bus
159 1199 213 1248 suis
232 1195 343 1262 egerint,
363 1191 423 1242 dunt
441 1188 525 1241 bonos
544 1192 570 1238 cl
587 1186 712 1255 pacificos
729 1185 848 1245 ltotuiuea
873 1191 1029 1266 afflixerunt,
1057 1198 1093 1248 ita
1121 1199 1192 1268 quod
1222 1216 1288 1254 unus

90 1265 168 1318 alteri
184 1263 268 1318 libere
286 1260 360 1329 loqui
377 1275 430 1311 non
448 1258 481 1311 sit
499 1270 576 1309 ausus
636 1293 1287 1324 ···············
1323 1269 1358 1325 73

615 1321 723 1412 Caput
751 1326 803 1394 27.

57 1416 110 1472 Ubi
128 1425 241 1484 notatur,
272 1415 345 1486 quod
362 1414 492 1483 quaedam
523 1409 616 1462 molier
634 1415 756 1478 petiverit
784 1415 935 1482 aparccho
952 1416 978 1470 S.
1006 1417 1118 1488 Nicolai‚
1137 1430 1165 1474 ut
1182 1432 1241 1491 post
1260 1426 1285 1477 in

90 1489 221 1540 concione
240 1495 298 1540 oret
316 1493 342 1537 et
360 1484 428 1536 orari
443 1481 535 1550 jubeat
552 1478 586 1531 ad
604 1477 687 1533 Deum
706 1485 912 1552 omnipotentem
937 1501 984 1552 pro
1003 1491 1123 1557 captivis,
1149 1499 1176 1544 ct
1192 1494 1288 1560 perin-

89 1556 125 1608 de
145 1559 277 1624 angustias
304 1568 382 1623 passa
410 1550 496 1606 inerit.
533 1547 595 1600 tren
615 1548 648 1600 de
666 1548 737 1602 bono
769 1551 892 1622 (scilicet)
913 1552 1064 1624 christiano,
1094 1559 1285 1628 eatretinere,

89 1628 137 1694 qui
156 1640 244 1676 coranr
261 1624 350 1692 judice
370 1619 565 1672 contenderunt.
597 1615 662 1669 ltem
682 1621 815 1686 quomodo
829 1619 974 1690 Prageuses
993 1633 1019 1676 et
1046 1627 1285 1692 parvo-Partenses

91 1696 166 1749 cives
185 1711 247 1748 suos
267 1693 404 1745 afflixerint
421 1723 1285 1754 ·····················
1319 1699 1354 1755 75

615 1752 724 1844 Caput
743 1757 795 1824 28.

57 1849 103 1904 lbi
121 1850 209 1919 agitur
227 1850 259 1902 de
279 1846 370 1900 dolosa
388 1850 415 1896 et
431 1839 597 1910 improbabili
606 1832 717 1921 'occulta
736 1839 829 1913 cnlpae
848 1844 980 1901 delatione
998 1864 1013 1901 a
1032 1848 1207 1920 Pragensibus
1226 1851 1280 1903 fac-

84 1927 122 1981 ta,
143 1927 234 1972 contra
261 1920 440 1969 incarceratos
459 1919 486 1963 et
513 1911 586 1963 abire
601 1926 703 1976 tusses3
722 1914 827 1968 tandem
854 1914 887 1966 de
905 1916 1064 1973 refutatione
1082 1928 1109 1972 et
1126 1923 1282 1989 purgatione

81 1984 198 2054 illorum,
218 1984 344 2056 „pacem“
365 1982 434 2035 (licia
457 2016 1280 2045 ....................
1315 1991 1350 2044 77

608 2047 715 2138 Caput
746 2052 798 2120 29.

56 2145 99 2199 lbi
117 2149 241 2198 notantur
257 2140 387 2210 propositi
406 2138 573 2207 Pragensium
593 2151 681 2190 coram
700 2140 820 2210 principe
839 2149 929 2195 contra
948 2142 1065 2212 captivos
1075 2143 1177 2196 articuli
1195 2147 1221 2198 in
1234 2161 1276 2200 or-

83 2212 984 2286 dine,nrseqnitur.....··........¹
1021 2253 1280 2272 .......
1315 2212 1350 2268 79

56 2369 153 2425 linitur
169 2368 317 2439 propositio
336 2365 502 2422 articulorum
521 2381 536 2417 a
555 2272 841 2420 chrillilnplsltiiltllilrus
860 2367 1109 2424 coutraPiclrhartas
1145 2411 1152 2425 .
1187 2414 1195 2427 .
1230 2410 1237 2425 .
1271 2413 1278 2426 .
1314 2371 1349 2427 81

613 2427 721 2519 Caput
751 2436 804 2503 31.

56 2531 79 2582 fn
101 2540 152 2594 qno
167 2527 272 2594 ponitur
289 2539 445 2593 responsum
463 2522 693 2586 incarceratorum,
712 2512 1092 2595 addelationeml'rageusium
1104 2539 1192 2580 coram
1205 2526 1279 2596 priu-

84 2597 144 2664 cipe
164 2596 260 2666 datum‚
280 2602 306 2648 ct
324 2593 456 2664 quomodo
476 2606 534 2643 cum
552 2585 606 2642 tttts
624 2588 792 2644 incarceratis
810 2596 986 2661 processerint
1010 2633 1278 2653 .......
1313 2597 1348 2654 54

56 2750 100 2805 lbi
118 2766 274 2820 responsum
292 2749 514 2806 incarceratorum
532 2653 818 2816 snperqltllllnffier
837 2749 955 2802 ordinem
975 2751 1088 2803 refertur
1115 2792 1294 2807 .....
1312 2751 1348 2808 87

605 2810 712 2903 Caput
732 2817 786 2886 33.

55 2908 105 2973 luo
125 2922 280 2978 responsum
297 2917 387 2962 contra
405 2904 550 2975 Progenses
570 2903 792 3045 iuoadceratorgrir
809 2908 898 2961 linitur
925 2944 1277 2963 .........
1312 2906 1347 2962 90

644 2982 722 3038 aut
788 3026 796 3041 .

55 3060 96 3117 llti
113 3063 263 3118 referuntur
271 3078 397 3132 responsa
407 3064 511 3131 propria
528 3057 635 3115 Joaunis
652 2995 758 3114 lllawsa
777 3070 804 3115 et
821 3063 922 3116 llicolai
940 3061 1062 3127 Schord3
1080 3065 1143 3116 itcm
1161 3062 1273 3132 Progen-

76 3134 147 3187 sium
167 3149 255 3187 coram
273 3136 392 3203 principe
411 3131 511 3200 prolata
538 3166 720 3187 .....
727 3186 729 3193 ,
755 3169 1275 3188 .............
1310 3130 1345 3187 92

441 3260 443 3264 .
601 3199 651 3266 Ga
673 3208 709 3264 ut
739 3201 792 3266 35.

55 3305 72 3341 n
93 3303 148 3356 quo
166 3289 280 3356 ponitur,
299 3289 431 3358 quomodo
451 3289 628 3357 unusquisque
646 3221 749 3340 illorum
766 3290 984 3343 incarceratorum
1003 3295 1028 3343 in
1047 3305 1157 3364 persona
1169 3289 1275 3356 propria

78 3357 249 3427 singulariter
267 3361 443 3411 innocentiam
461 3374 533 3410 suant
562 3358 734 3410 insinuaverit
752 3365 778 3409 et
796 3359 954 3426 probaverit,
974 3369 999 3413 et
1015 3361 1120 3412 tandem
1151 3358 1272 3428 qualiter,

77 3434 107 3480 et
124 3441 176 3494 quo
196 3441 274 3479 sensu
292 3427 501 3480 informationem
520 3442 591 3478 suam
621 3424 773 3478 claudentes
791 3428 929 3499 liniverint,
948 3430 1023 3481 simul
1042 3432 1120 3483 etiam
1140 3425 1273 3497 quomodo

79 3497 149 3564 regi,
168 3497 282 3565 principi
300 3505 326 3558 et
344 3496 471 3565 ablegatis
489 3497 585 3566 gratias
613 3495 714 3563 egerint
748 3531 1272 3554 .............
1307 3494 1342 3550 96

609 3562 715 3650 Caput
737 3566 789 3632 36.

55 3650 93 3704 lbi
114 3659 227 3717 notatur,
247 3650 318 3719 quod
336 3649 468 3718 quaelibet
486 3666 546 3719 pare
565 3651 684 3722 adversa,
703 3654 832 3705 actionem
851 3668 897 3705 seu
917 3668 1020 3705 causam
1040 3668 1112 3705 suam
1131 3652 1270 3721 conscrip-

74 3729 130 3773 tam
150 3721 263 3789 principi
281 3722 427 3788 porrexerit
450 3758 1268 3781 ....................
1304 3720 1339 3775 97

607 3789 714 3876 Caput
735 3793 787 3858 37.
842 3802 846 3809 ’

54 3875 94 3927 lbi
114 3875 235 3941 refertur,
256 3876 326 3944 quod
344 3878 439 3944 captivi
457 3876 576 3929 absoluto
602 3878 652 3930 hoc
677 3893 797 3931 sermone
816 3878 849 3929 ad
868 3894 987 3931 carceres
1015 3876 1101 3930 denuo
1118 3878 1268 3948 redivcrint,

75 3946 202 4013 princeps
221 3952 307 3999 autern
325 3947 481 4014 suspiciens,
500 3945 532 3997 ab
546 3955 654 4015 utraque
673 3956 744 4015 parte
759 3948 854 4014 scripta
874 3946 959 4001 eidem
974 3957 1092 4014 porrecta
1104 3947 1196 3998 eadem
1212 3951 1269 4018 regi

75 4016 258 4067 transmiserit.
294 4014 386 4065 Postea
404 4015 503 4066 Passelr
522 4016 638 4082 quotidie
662 4017 744 4069 aniles
770 4032 852 4084 nugas
872 4025 898 4069 et
917 4016 1016 4068 fabulas
1035 4017 1068 4067 ad
1086 4022 1204 4068 senatum
1222 4019 1269 4068 in-

75 4082 176 4151 ferens,
204 4092 302 4152 partem
321 4099 397 4134 unam
424 4093 514 4136 contra
541 4085 647 4136 alteram
672 4087 807 4156 instigans,
838 4084 882 4136 ubi
899 4084 948 4136 sub
973 4087 1062 4152 specie
1090 4078 1152 4136 lidei
1179 4095 1269 4138 contra

76 4153 192 4203 invicem
211 4152 337 4222 agebant;
356 4161 382 4204 et
402 4153 493 4220 quales
508 4152 571 4218 justi
598 4153 752 4206 afflictiones
771 4163 797 4206 et
814 4156 1011 4221 persecutiones
1034 4156 1162 4206 sustinere
1182 4155 1269 4207 debu·

75 4223 155 4286 erint,
173 4222 269 4275 inmitia
289 4237 353 4273 uero
373 4221 468 4274 diaboli
487 4224 512 4272 iu
532 4225 620 4289 quiete
638 4226 811 4290 permanserit
829 4259 1267 4280 ...........
1286 4223 1337 4279 100

603 4290 709 4378 Caput
731 4293 783 4358 38.

54 4376 90 4429 lbi
111 4381 265 4442 continetur,
285 4378 417 4446 quomodo
435 4378 636 4430 recludevieus
650 4381 760 4447 principi
778 4387 805 4431 et
817 4378 989 4449 Prageusilrus
1006 4380 1094 4432 literas
1109 4396 1167 4432 cum
1178 4382 1266 4434 edicto

74 4454 168 4499 contra
185 4450 361 4499 incarceratos
379 4450 542 4515 transmittat,
561 4456 587 4498 ct
603 4448 683 4500 iidem
701 4450 855 4500 incarcerati
872 4451 939 4501 intra
956 4451 1066 4516 spatium
1084 4451 1162 4502 trium
1181 4453 1264 4519 septi-

75 4530 208 4569 manarum
227 4525 286 4585 post
305 4518 410 4574 traditas
428 4518 475 4570 has
493 4517 581 4569 literas
600 4531 633 4570 ex
651 4519 755 4570 civitate
774 4517 903 4572 excedere
922 4518 1093 4575 debuerint.
1129 4562 1136 4575 .
1173 4563 1178 4573 .
1283 4518 1335 4576 103
1390 4580 1393 4585 ,
