2948 5040
151 118 311 240 sss

124 344 302 412 'turnultus
336 350 369 409 e't
387 340 624 432 inquietudinis
645 340 680 406 in
702 340 835 407 civitate
857 347 1062 409 exortorum:
1101 349 1135 409 et
1156 342 1242 410 sicut
1262 342 1450 429 Pragenses

130 447 282 535 dicunt,-
305 449 391 538 quod
408 468 473 514 res
507 447 642 513 vitiosas
676 446 961 533 praedicaverint3
995 468 1053 514 cur
1074 470 1153 536 ergo
1176 457 1254 515 mnu
1274 447 1358 536 illos
1382 469 1449 515 non

146 557 353 644 puniverunt,
376 546 539 620 habentes
557 574 654 642 super
676 559 953 639 eospotestatem3
975 554 1042 620 imo
1064 553 1142 620 dum
1163 575 1223 621 nos
1241 554 1364 643 jamin
1379 575 1450 621 car·

145 660 275 729 ceribus
309 658 456 725 occlusos
488 656 689 739 habuissent,
737 656 865 742 Minui,
900 667 933 724 et
965 659 1046 726 alios
1079 660 1114 725 in
1147 660 1239 727 curia
1272 680 1390 726 coram
1414 680 1450 724 se

145 766 328 835 habuerunt
348 771 545 853 praesentes,
578 784 637 829 eur
657 761 731 828 illos
754 784 821 828 non
854 765 1053 851 puniverunt
1084 766 1359 849 incarceratione,
1394 762 1448 831 vel

145 871 249 949 aliter,
282 877 379 958 prout
399 867 465 934 illis
487 869 595 935 visum
616 867 743 952 fuisset,
778 889 853 934 cum
868 876 1069 956 potestatem
1097 871 1133 936 in
1154 870 1229 937 illos
1250 871 1447 955 habuerint,-

145 985 178 1043 et
200 973 374 1041 dummodo
397 972 521 1050 dicunt,
556 971 642 1060 quod
674 993 734 1037 nos
756 971 831 1038 illos
853 973 889 1038 in
905 973 962 1040 'his
983 973 1261 1062 impediverimus,
1295 974 1362 1043 hoc
1384 976 1439 1042 de·

145 1079 320 1148 monstrari
343 1099 409 1143 non
430 1076 570 1164 poterit,
610 1076 680 1141 sine
702 1073 797 1141 nobis
819 1077 906 1142 enim
927 1077 1009 1143 illud
1043 1078 1217 1147 emendare
1246 1082 1445 1168 potuissent,

142 1193 180 1250 ut
200 1205 318 1271 nempe
341 1181 528 1270 exemplum
552 1186 747 1247 statueretur
768 1180 835 1246 illis
872 1190 904 1247 et
925 1182 1008 1267 aliis,
1043 1205 1107 1272 quo
1130 1207 1151 1250 a
1172 1180 1291 1253 talibus
1310 1184 1443 1255 vitiosis

90 1358 95 1368 ,
143 1287 447 1377 praedicationibus·
465 1289 516 1366 (ut
536 1285 585 1351 illi
608 1284 734 1374 dicunt)
758 1284 968 1371 abstinerent,
999 1288 1058 1354 sed
1079 1291 1127 1356 ita
1147 1289 1221 1356 illos
1243 1290 1440 1379 praedican-

142 1402 192 1460 tes
206 1390 424 1481 ·reliquerunt,
454 1413 514 1457 nos
535 1413 614 1457 vero
637 1389 758 1474 dolose,
792 1391 941 1483 pervim
978 1403 1011 1458 et
1042 1394 1179 1460 insidias
1211 1394 1254 1461 ad
1287 1404 1462 1462 carceres

58 1564 61 1569 .
140 1499 349 1564 intruserant.
375 1495 493 1562 Coram
505 1492 577 1562 Deo
589 1496 698 1560 dicere
707 1515 890 1583 possumus,
915 1496 1073 1586 quodper
1087 1500 1188 1564 vitam
1209 1507 1357 1566 nostram
1376 1509 1441 1566 um

142 1602 341 1668 calumniosa
374 1609 407 1666 et
428 1600 577 1689 improba
599 1599 686 1666 dicta
709 1598 750 1666 de
773 1622 908 1690 corpore
933 1610 965 1666 et
987 1603 1145 1689 sanguine
1167 1601 1290 1670 Christi
1302 1603 1440 1670 Domini

141 1730 208 1774 non
230 1707 462 1789 audiverimus,
485 1711 582 1792 prout
612 1725 699 1768 nunc
721 1713 897 1770 ex'eorum
919 1703 1147 1772 informatione
1180 1715 1213 1772 et
1234 1711 1440 1776 accusatione

138 1813 222 1879 falsa
243 1810 401 1878 audimus.
445 1809 515 1876 Imo
537 1831 597 1876 nos
620 1810 875 1897 omnitempore
898 1810 1088 1896 studuimus,
1111 1811 1243 1879 solliciti
1266 1822 1299 1879 et
1320 1812 1440 1880 adher·

139 1920 198 1985 tati
219 1918 348 2001 fuimus,
381 1923 417 1982 ut
439 1937 551 1984 omnes
583 1914 817 2003 inquietudinis
851 1937 968 1983 causae
990 1925 1227 2002 removeantur,
1261 1926 1331 1983 tam
1353 1917 1440 2008 apud

136 2023 246 2106 laicos,
271 2044 368 2111 quam
390 2020 544 2104 clericos;
565 2019 602 2084 id
623 2041 701 2085 vero
723 2021 805 2106 ipsis
826 2041 894 2085 non
914 2020 1043 2108 placuit.
1083 2021 1119 2088 si
1141 2025 1228 2088 enim
1250 2045 1320 2111 pax
1341 2025 1435 2107 foret,

137 2137 249 2215 contra
269 2150 330 2194 nos
346 2129 444 2215 juxta
461 2124 660 2193 voluntatem
682 2145 773 2190 suam
795 2146 893 2211 agere
914 2147 980 2191 non
1001 2135 1153 2214 possent3
1171 2126 1264 2194 -ideo
1299 2127 1438 2195 dissidia

136 2256 292 2322 quaerere
313 2231 504 2314 debuerunt,
527 2237 563 2295 ut
583 2229 789 2294 occasionem
809 2228 905 2295 nobis
927 2230 1124 2298 adversandi
1146 2230 1297 2316 habeant,
1323 2242 1361 2299 et
1378 2255 1437 2300 vo-

135 2336 292 2403 luntatem
310 2336 569 2401 'suamexercere
590 2333 724 2421 possint,
748 2332 808 2398 sub
830 2333 903 2400 velo
925 2333 1002 2400 fidei
1018 2349 1086 2401 rem
1098 2358 1190 2402 suam
1208 2336 1436 2425 producentes.

133 2439 277 2529 Ideoque
298 2456 365 2508 non
385 2461 455 2523 nos,
479 2437 537 2503 sed
559 2436 607 2502 illi
628 2442 730 2502 causa
747 2438 979 2526 inquietudinis
1009 2448 1041 2505 et
1063 2441 1167 2515 omnis
1188 2440 1268 2506 mali
1290 2451 1382 2512 sunt.

221 2544 305 2610 Item
326 2543 447 2626 dicunt,
480 2541 567 2630 quod
589 2550 701 2608 contra
721 2553 832 2609 nostra
847 2545 1035 2632 juramenta
1056 2548 1217 2632 egerimus
1240 2554 1302 2612 etc.
1350 2545 1428 2614 Illud

135 2671 309 2736 negamus3
331 2648 366 2713 hi
389 2669 555 2713 sermones
576 2647 704 2714 illorum
727 2651 813 2714 enim
836 2671 879 2714 ex
900 2649 1096 2736 quibusdam
1117 2649 1241 2716 astutiis
1255 2650 1431 2719 solertibus

136 2754 305 2844 compositi
326 2761 401 2818 sunt
434 2751 492 2817 sed
514 2750 643 2818 omnino
655 2753 938 2840 improbabilibus,
953 2755 1048 2842 ,quod
1068 2765 1252 2822 tamennon
1267 2758 1432 2839 miramur,

136 2881 209 2924 cum
230 2860 351 2926 veritas
372 2857 437 2923 illis
470 2866 582 2924 contra
613 2878 673 2921 nos
694 2880 761 2922 non
783 2858 931 2942 sufficiat,
967 2859 1091 2946 fingere
1119 2882 1196 2946 ergo
1219 2859 1283 2951 sibi
1305 2859 1430 2950 aliquid

134 2963 263 3047 debent,
295 2972 331 3029 ut
351 2971 443 3029 actus
460 2983 550 3027 -suos
574 2961 784 3049 comprobare
806 2964 953 3050 possint;
992 2964 1051 3030 sed
1082 2987 1186 3052 aeque
1215 2964 1346 3032 eisdem
1368 2988 1429 3032 non

134 3067 295 3152 succedet,
318 3053 547 3155 serenitasque
565 3067 633 3134 Sua
653 3069 799 3156 apprime
820 3068 1003 3155 intelligere
1026 3069 1221 3156 dignabitur,
1245 3071 1336 3159 quod
1359 3071 1428 3137 iun·

133 3173 319 3240 dementum
340 3195 454 3240 verum
475 3171 600 3239 nullum
627 3171 780 3258 habeant,
802 3195 865 3239 nec
886 3172 1008 3240 habere
1029 3175 1165 3262 possint,
1187 3197 1246 3240 nos
1270 3177 1320 3241 rei
1345 3177 1428 3243 enirn

131 3279 253 3346 nullius
275 3300 393 3345 sumus.

217 3381 313 3465 Quod
333 3383 443 3448 literas
472 3389 599 3448 nostras
622 3381 664 3446 ad
685 3382 889 3470 Majestatem
911 3383 1011 3450 Suam
1030 3382 1166 3469 Regiam
1188 3383 1327 3450 nuditas
1352 3408 1425 3473 eou-

132 3489 244 3572 cernit,
266 3487 405 3554 fatemur
422 3510 481 3553 nos
505 3486 682 3574 scripsisse,
707 3487 783 3552 dum
806 3488 912 3554 audiri
933 3487 975 3554 ab
998 3488 1063 3553 illis
1086 3510 1151 3554 non
1173 3488 1349 3577 potuimus,
1373 3489 1427 3557 sed

129 3591 226 3667 nobis
247 3591 459 3675 insinuarunt,
483 3591 569 3678 quod
590 3600 716 3679 partem
737 3590 830 3656 nobis
852 3592 1022 3658 adversam
1044 3602 1151 3679 agant,
1174 3593 1322 3680 ideoque·
1339 3593 1423 3682 quod

131 3717 190 3761 nos
213 3695 325 3762 audire
346 3717 412 3761 non
433 3697 568 3784 possint,
607 3704 639 3761 et
671 3696 713 3760 de
737 3696 787 3761 his
805 3698 876 3784 jam
898 3698 969 3784 regi
999 3697 1203 3784 scripserint;
1236 3691 1316 3787 ⁸poet
1339 3699 1423 3788 quod

129 3798 258 3865 illorum
279 3822 469 3888 responsum
492 3822 551 3866 nos
574 3801 671 3865 etiam
693 3799 778 3865 Suae
799 3801 962 3889 Majestati
985 3801 1106 3888 Regiae
1141 3811 1270 3869 nostras
1292 3826 1424 3894 oppres·
1462 3804 1465 3811 ’

131 3905 238 3970 siones
283 3914 314 3970 et
335 3906 442 3971 illatas
463 3906 636 3972 violentias
669 3904 764 3992 (quas
787 3905 908 3993 injuste
930 3908 1140 3995 sustinemus)
1174 3906 1423 3994 notificavimus,

132 4008 193 4075 sed
218 4031 428 4098 quaecunque
451 4011 649 4099 scripsimus,
666 4031 749 4083 ¹vcra
765 4019 848 4094 sunt,
871 4032 937 4076 uon
960 4019 1066 4077 autem
1089 4035 1132 4078 ex
1152 3988 1334 4081 intentione
1355 4014 1424 4098 hac,

130 4121 166 4179 ut
186 4112 283 4179 alicui
304 4114 428 4181 levitati
450 4115 602 4199 serviret,
618 4113 676 4179 sed
697 4124 734 4179 ut
756 4116 975 4181 innocentiam
1009 4127 1152 4184 nostram
1187 4129 1220 4184 et
1242 4103 1362 4186 eorum*
1377 4121 1423 4187 in·

124 4217 248 4304 justum
270 4220 339 4285 sine
360 4228 469 4285 nostro
492 4220 610 4286 delicto
633 4228 745 4284 contra
765 4241 825 4285 nos
846 4228 1037 4288 attentatum
1058 4225 1213 4289 insultum
1236 4231 1273 4290 et·
1293 4247 1423 4313 aggres-

130 4325 254 4389 sionem
274 4323 485 4389 notifieemus.
542 4323 638 4405 Quod
659 4331 767 4389 autem
790 4347 899 4390 coram
922 4330 1149 4394 communitate
1177 4350 1217 4394 ac
1239 4328 1307 4395 Sua
1328 4329 1421 4397 Sere·

127 4431 230 4495 nitate
251 4428 463 4517 protulerunt,
499 4429 593 4515 quod,
628 4430 705 4495 dum
729 4429 778 4497 ed'
792 4452 852 4496 uos
885 4431 920 4497 in
952 4436 1099 4498 carceres
1133 4433 1291 4523 quasdam
1312 4457 1421 4523 perso

127 4556 191 4601 nas
209 4533 388 4616 misissent,
410 4531 464 4598 die
485 4529 579 4600 Jovis
602 4536 689 4599 circa
710 4535 827 4600 festum
849 4534 882 4601 S.
904 4536 1152 4622 Bartholomaei,
1184 4538 1310 4606 eisdem
1331 4540 1422 4607 dixe·

126 4641 238 4716 rimus,
260 4658 320 4704 nos
342 4634 385 4701 ad
406 4657 517 4724 regem
537 4635 648 4703 literas
669 4639 775 4705 nullas
799 4640 979 4728 scripsisse,
1003 4642 1062 4708 sed
1084 4645 1215 4710 interim
1236 4667 1308 4712 rem
1327 4644 1423 4712 aliter

89 4766 156 4810 -se
172 4745 307 4831 haberes,
332 4752 367 4812 et
386 4744 473 4837 quod
495 4766 573 4815 vere
595 4745 829 4836 scripserimus,
862 4755 895 4814 et
913 4748 992 4816 inde
1013 4748 1049 4815 in
1082 4748 1253 4818 mendacio
1280 4772 1344 4818 uos
1370 4772 1422 4819 re·
