2948 5040
21 166 207 269 tara·

91 340 270 407 christiana
305 347 339 407 et
360 342 520 431 scriptura
542 362 644 429 saera,
679 350 711 410 et
733 342 788 431 qui
808 342 974 411 bominum
1006 341 1088 409 haec
1119 340 1266 428 credunt,
1300 341 1386 430 quod

90 467 202 513 omnes
225 445 430 513 aberrentet
450 447 533 514 falsa
554 447 682 533 dioant;
715 471 826 514 verum
850 447 935 537 quod
958 451 1000 514 sit
1020 449 1054 513 in
1084 453 1287 515 sacramento
1308 448 1382 512 visi·

88 550 149 617 bili
168 552 289 618 virtute
310 573 368 618 sua
391 553 568 619 secundum
590 553 849 620 constitutionem
871 555 941 641 ejus
962 554 998 618 in
1019 574 1121 619 coena
1140 552 1263 645 ultima.
1300 548 1383 618 Oon.

89 665 222 725 vertens
244 675 280 719 se
301 665 408 721 autem
431 656 473 720 ad
495 656 650 745 populum
673 658 945 741 circumstantem,
978 656 1077 722 dixit:
1108 648 1186 724 Cari
1206 658 1284 741 mei,
1320 680 1381 726 non

69 822 72 829 .
83 761 229 851 judicate
250 782 303 825 me
326 759 478 826 infamem
507 761 592 826 hanc
613 769 749 826 mortem
784 770 815 827 et
837 761 1030 850 supplicium
1060 760 1101 828 ob
1135 762 1260 849 aliquid
1297 760 1379 831 aliud

91 867 259 949 sustinere,
294 872 350 930 aut
370 864 466 929 aliam
497 886 628 941 ¹causam
659 866 771 930 mortis
807 884 904 930 meae
930 889 1021 959 esse„
1036 887 1132 952 quam
1164 867 1262 966 bane,
1300 874 1380 961 quod

89 969 247 1035 noluerim
269 968 420 1055 profitere
442 968 485 1032 ad
505 967 746 1056 beneplacitum
777 969 990 1052 sacerdotum,
1018 970 1104 1058 quod
1133 973 1168 1037 in
1191 973 1310 1039 altaris
1332 984 1382 1041 sa'-

89 1068 253 1139 cramento
275 1094 373 1137 verus
396 1073 438 1136 sit
458 1060 550 1137 Deus
572 1066 795 1158 personaliter,
831 1071 1085 1138 substantialiter
1118 1084 1150 1140 et
1181 1058 1382 1147 innaturali

90 1201 155 1245 sua,
170 1177 310 1244 essentia
342 1198 415 1241 cum
438 1180 585 1242 omnibus
618 1180 762 1266 corporis
795 1178 954 1266 partibus.
976 1187 1008 1242 et
1027 1172 1232 1247 ,accidentiis
1256 1182 1335 1268 eto,
1353 1194 1384 1250 et
1418 1170 1421 1177 ¹

91 1287 167 1373 quia
195 1283 424 1350 instructiones
442 1282 612 1367 quasdam
645 1284 810 1370 suscipere
839 1282 939 1360 nolui,
973 1304 1079 1377 neque
1107 1287 1271 1353 instruere
1307 1287 1383 1354 alios

90 1389 197 1474 volui3
221 1387 319 1453 credo
342 1407 429 1469 vero,
452 1394 549 1474 prout
565 1386 635 1474 jam
658 1395 753 1450 antea
776 1384 854 1452 dixi.
898 1386 1012 1453 Nullus
1035 1397 1140 1472 autem
1174 1391 1249 1477 pius
1276 1392 1384 1458 credat

93 1493 145 1559 his
160 1491 391 1559 sacerdotibus
404 1508 418 1579 3·
438 1499 513 1555 sunt
535 1492 621 1556 enim
642 1476 827 1573 mendaces,
849 1489 1048 1581 hypocritae,
1069 1514 1220 1581 nequam,
1244 1499 1384 1565 sodomi·

89 1607 152 1680 tae,
182 1596 313 1663 ruffiani
334 1608 367 1662 et
388 1596 584 1662 seductores.
628 1594 748 1660 Fateor
783 1596 889 1679 etiam,
924 1596 1011 1684 quod
1040 1619 1061 1661 a
1082 1597 1210 1665 Joanne
1236 1600 1385 1671 Kalenet

92 1705 351 1769 communionem
386 1703 589 1790 sumpserim,
626 1702 723 1766 etiam
755 1700 858 1766 altera
886 1700 960 1769 vice
990 1700 1034 1767 ab
1068 1702 1182 1768 eodem
1219 1703 1384 1794 baptisato

90 1807 217 1890 fuerim,
241 1809 316 1896 quia
337 1807 441 1894 primo
464 1805 624 1893 baptismo
646 1805 774 1892 privata
805 1804 853 1869 fui
875 1813 908 1871 et
928 1805 1109 1871 invalidum
1142 1828 1216 1873 esse
1233 1809 1382 1897 judicavi

90 1921 223 2003 propter
244 1911 356 1978 sordes
380 1920 412 1976 et
431 1909 687 1976 inordinationes
710 1910 911 1977 clericorum.
940 1908 1035 1976 Illam
1056 1912 1165 1999 itaque
1188 1921 1288 1980 extra
1310 1915 1381 1980 civi-

92 2026 190 2084 tatem
214 2016 256 2082 ad
278 2016 385 2081 locum
406 2016 562 2104 supplicii
584 2015 756 2098 duxerunt,
794 2024 826 2080 et
846 2014 923 2081 dum
957 2038 1029 2081 cum
1057 2015 1174 2082 eadem
1205 2018 1248 2084 ad
1280 2006 1389 2086 locun¹
1415 2078 1421 2097 ,

90 2120 228 2209 Tempel
248 2122 447 2196 nominatum
469 2121 645 2202 venissent,
669 2118 836 2185 admonuit
859 2141 930 2184 eam
948 2120 1122 2208 judex,'ut
1143 2119 1256 2188 flectat
1274 2132 1380 2190 'coram

91 2226 287 2314 imaginibus
308 2217 431 2292 ibidem
452 2225 548 2313 pictis
571 2234 603 2293 et
625 2236 704 2310 oret,
738 2225 795 2290 illa
816 2246 892 2290 vero
914 2235 1097 2299 retroyersa
1119 2216 1335 2313 iacie'ilexit,
1355 2240 1381 2296 et

93 2333 208 2399 levatis
230 2334 264 2398 in
287 2332 411 2398 coelum
427 2331 529 2398 oeulis
544 2333 598 2419 pie
614 2333 727 2415 oravit,
751 2331 873 2413 dicens,
896 2330 1003 2395 Deum
1019 2333 1054 2397 in
1073 2331 1164 2413 coelo
1179 2354 1267 2418 esse,
1293 2348 1378 2423 quen

93 2439 197 2504 solum
218 2436 336 2503 intueri
352 2436 454 2520 decet,
478 2436 597 2503 nullam
620 2459 697 2502 vero
719 2436 817 2502 aliam
838 2437 1030 2522 imaginem3
1056 2437 1104 2501 sie
1119 2437 1274 2504 similiter
1288 2458 1379 2527 agens

95 2551 193 2617 extra,
217 2544 380 2608 civitatem
401 2542 443 2606 ad
456 2541 638 2607 columnam
651 2539 772 2608 ibidem
789 2540 986 2622 collocatam,
1010 2563 1070 2629 per
1084 2549 1182 2607 totam
1196 2565 1281 2609 vero
1304 2546 1375 2611 nan

48 2708 51 2712 .
93 2648 146 2734 pie
169 2657 202 2741 et
222 2648 306 2713 laete
328 2649 494 2737 processit,
523 2646 566 2713 ad
588 2646 763 2712 Dominum
786 2646 901 2711 Deum·
928 2667 1024 2711 orans
1046 2668 1149 2735 usque
1171 2648 1221 2713 ad·
1236 2638 1379 2715 ultimum

93 2754 181 2820 vitae
204 2775 279 2818 suae
301 2763 507 2819 momentum.
551 2753 595 2819 Et
616 2754 662 2818 ita
683 2754 784 2819 vitam
799 2774 888 2818 suam
910 2751 945 2817 in
966 2773 1046 2840 rogo
1060 2775 1120 2840 per
1140 2754 1253 2839 iguem
1270 2755 1382 2823 finivit

178 2856 243 2945 Hic
264 2856 448 2924 addendum
471 2867 529 2942 est,
565 2857 700 2925 calicem
721 2859 823 2944 illum,
861 2880 903 2925 ex
925 2879 989 2945 quo
1010 2857 1068 2923 illa
1089 2879 1110 2923 a
1130 2858 1283 2927 Kaleneii
1305 2882 1384 2927 com«

94 2961 280 3046 munieavit,
301 2963 403 3029 fuisse
425 2985 467 3028 ex
488 2962 588 3050 ligno,
611 2965 666 3051 qui
683 2962 833 3047 'Kalenet
857 2973 979 3030 certum
998 2946 1168 3028 numerum
1191 2963 1383 3031 fratrumin

93 3066 159 3133 fide
180 3067 301 3145 habuit,
323 3069 435 3134 vinum
470 3078 501 3134 et
522 3090 640 3157 panem
675 3069 844 3136 benedixit
875 3077 906 3135 et
937 3068 1121 3135 hominibus
1150 3050 1322 3137 distribuit
1352 3071 1382 3135 in

12 3256 15 3262 Ι
95 3174 257 3253 domibus,
289 3175 360 3240 sine
382 3175 469 3241 omni
490 3175 583 3242 titulo
606 3175 779 3240 sacerdotii
809 3182 842 3239 et
866 3176 960 3261 signo
995 3194 1134 3239 coronae
1154 3173 1196 3238 ab
1220 3176 1383 3264 episcopis

94 3278 248 3354 Romanis
271 3280 368 3365 dat03
391 3289 487 3380 ppcut
508 3280 549 3345 de
572 3279 685 3346 eodem
702 3282 772 3370 jam
794 3282 829 3346 in
851 3282 956 3367 prima
977 3287 1069 3367 parte
1092 3301 1162 3366 cap.
1185 3279 1229 3345 22
1265 3279 1382 3346 dictum

96 3384 166 3463 fuit,
190 3406 286 3473 quem
310 3384 444 3450 calicem
468 3384 614 3453 carnifex
628 3384 778 3450 auferens
800 3385 834 3450 in
847 3407 961 3472 rogum
977 3385 1093 3472 posuit,
1119 3392 1150 3449 et
1172 3406 1246 3449 cum
1259 3384 1382 3451 Martha

100 3489 285 3556 combussit.

626 3680 772 3748 OAPUT
794 3682 844 3750 11.

99 3844 136 3902 In
159 3862 217 3920 quo
240 3852 380 3904 narratur
402 3844 439 3903 de
461 3838 590 3904 advenio
611 3844 690 3922 regis
712 3844 903 3920 Ferdinandi,
926 3863 993 3905 cum
1015 3862 1070 3903 sua
1092 3843 1261 3903 conthorali
1276 3843 1307 3902 in
1327 3842 1379 3900 Bo·

96 3930 213 3989 hemiae
235 3949 370 4009 regnum,
393 3931 480 3992 simul
502 3932 539 3991 de
561 3932 751 3992 coronatione
773 3932 905 4008 ejusdem
927 3932 1008 4009 regis
1031 3938 1060 3988 et
1081 3929 1210 4006 reginae.
1244 3930 1323 3988 Item
1346 3926 1380 3986 ad
1396 3936 1406 3953 ''

100 4035 204 4095 preces
227 4023 256 4076 et
277 4020 525 4098 supplicationem
546 4021 743 4097 relegatorum
765 4039 820 4079 rex
849 4020 892 4079 eis
913 4017 1047 4080 'concedit
1070 4016 1185 4076 salvum
1207 4018 1381 4077 conductum

98 4113 257 4182 pertotum
279 4127 404 4184 regnum
426 4115 529 4166 contra
551 4104 667 4166 omnem
689 4106 869 4166 violentiam.
894 4106 1007 4164 Eodem
1028 4113 1161 4180 tempore
1190 4112 1334 4182 ceperunt
1356 4111 1381 4158 et

98 4191 354 4254 incarceraverunt
375 4195 519 4271 quasdam
540 4195 682 4252 honestas
705 4195 822 4271 viduas,
847 4203 876 4252 et
898 4193 1046 4270 quendam
1070 4189 1182 4250 Sliwek
1204 4193 1301 4250 altere
1320 4187 1381 4248 vice

279 4293 284 4301 ·
565 4279 696 4358 torqueri
715 4280 881 4357 jusserunt.
908 4281 999 4340 1527.

113 4468 127 4491 ¹
182 4449 257 4514 Jam
277 4470 356 4514 vero
378 4447 420 4514 ad
442 4448 591 4536 primum,
625 4448 712 4514 unde
745 4446 911 4533 digressus
933 4445 989 4527 fui,
1013 4449 1166 4510 revertar.
1200 4442 1292 4510 Dum
1320 4448 1388 4532 post

98 4552 289 4619 electionem
313 4555 399 4639 regis
421 4551 622 4618 Ferdinandi
645 4554 678 4618 in
711 4575 822 4638 regem
846 4550 1023 4616 Bobemiae
1055 4544 1181 4636 tempus
1219 4549 1387 4638 appropin-

100 4666 240 4745 quasset,
263 4665 299 4721 ut
320 4657 362 4721 ad
385 4659 624 4723 coronationem
649 4663 846 4744 properaret,
869 4654 992 4718 factum
1013 4651 1084 4737 fuit,
1109 4650 1195 4740 quod
1221 4674 1295 4718 curn
1319 4672 1388 4739 ¹cou-

92 4760 213 4828 thorali
232 4782 291 4829 sua
313 4761 412 4831 Anna
435 4761 564 4832 Vienna
597 4763 685 4852 eirca
706 4761 789 4829 festa
810 4757 957 4824 natalitia
978 4756 1066 4823 viam
1101 4775 1252 4842 egressus
1287 4752 1388 4823 fuerit.
