2948 5040
118 155 185 226 294

1353 333 1413 387 llssss·

122 484 171 541 Ubi
189 496 310 542 narratur
327 486 360 541 ds
379 488 512 542 innocenti
525 496 607 541 morte
619 396 910 545 liiooffiaeliufilaiiemt
925 480 1136 535 concrematione
1155 493 1255 550 eorum,
1274 475 1348 548 quod

156 558 189 610 ad
207 570 316 611 mortem
347 565 373 609 et
390 557 545 625 supplicium
570 557 744 626 procedentes
772 554 844 606 nullo
871 551 949 605 modo
966 553 1074 604 dacoere
1092 549 1241 618 voluerunt,
1258 558 1347 615 nequa

157 627 232 679 aliter
250 641 335 688 orare,
352 626 403 677 nisi
421 629 454 679 ad
472 628 557 682 Deum
575 628 675 696 vivum,
693 626 737 691 qui
754 625 782 676 in
799 620 881 675 coelis
907 629 956 689 est,
973 630 1000 675 et
1012 633 1090 689 quam
1120 627 1270 671 constantes
1287 616 1346 669 iue-

151 697 202 749 rint
219 710 303 766 usque
321 694 354 747 ad
372 706 481 749 mortem
509 729 907 752 ..........
909 714 912 719 ·
943 719 1349 749 ..........
1366 679 1418 736 214

677 761 784 850 Caput
813 761 863 827 10.

122 847 173 903 Ubi
200 851 312 903 refertur
330 849 363 903 de
394 852 505 918 quadam
523 851 621 904 Martha
640 867 654 902 a
673 851 768 902 Sancto
797 846 941 917 Clemente,
960 860 1027 916 qnae
1052 845 1129 896 etiam
1158 842 1225 896 sicut
1243 843 1346 912 priores

157 928 264 988 propter
282 919 457 972 testimouium
479 921 574 974 Christi
591 923 647 973 sine
666 920 736 972 omni
752 918 801 971 ulia
821 917 896 984 culpa
927 916 1061 967 combusta
1085 912 1153 975 iuit3
1171 912 1248 964 simul
1265 922 1349 979 quare

158 988 314 1056 rebaptisatus
334 987 421 1055 fuerit,
438 999 563 1052 namatus,
583 997 611 1041 et
627 989 697 1058 quod
717 988 750 1041 ad
767 995 876 1039 mortem
895 983 1042 1054 procedens
1059 981 1124 1035 nulli
1140 983 1249 1050 imagini
1267 980 1350 1032 bono·

157 1072 213 1109 rem
232 1056 355 1109 extitero
373 1059 484 1112 voluerit
519 1087 1347 1114 ....................
1365 1045 1417 1101 217

677 1122 786 1213 Caput
809 1122 859 1191 11.

122 1209 152 1264 lu
170 1225 222 1279 quo
240 1220 357 1266 narratur
375 1213 408 1265 de
426 1213 541 1267 adventu
558 1213 628 1283 regie
646 1211 814 1280 Ferdiuaudi,
834 1227 892 1264 cunr
915 1225 961 1265 sua
981 1206 1124 1261 conthorali
1146 1208 1189 1260 in
1208 1205 1352 1260 Bobemiae

154 1281 367 1348 regnum,simul
388 1283 609 1335 decoronatione
638 1281 754 1348 ejusdem
773 1282 843 1350 regis
868 1288 894 1332 et
911 1279 1027 1349 reginae.
1062 1276 1127 1331 ltem
1161 1277 1195 1328 ad
1213 1291 1308 1344 preces
1327 1280 1355 1327 et

156 1350 371 1416 supplicationem
388 1351 561 1420 relegatorum
580 1367 625 1404 rex
644 1355 682 1403 eis
701 1350 823 1403 concedit
839 1350 938 1401 salvum
958 1347 1113 1399 conductum
1130 1354 1273 1414 pertotnm
1286 1360 1349 1415 reg-

157 1432 218 1468 num
237 1427 325 1470 contra
344 1434 446 1471 omnem
464 1420 621 1473 violentiam.
656 1421 757 1472 Eodem
775 1415 1047 1485 tempore'cepernut
1064 1422 1091 1468 et
1120 1415 1349 1467 incarceraverunt

158 1486 436 1610 quasdalrgwbonestas
464 1487 566 1551 viduas,
593 1497 619 1541 et
644 1489 775 1558 quendam
805 1487 904 1540 Sliwels
934 1487 1014 1538 altera
1040 1486 1099 1536 vice
1129 1483 1247 1552 torqueri
1261 1483 1353 1549 jusse-
1369 1548 1420 1603 218

156 1564 222 1609 runt.
352 1586 1352 1615 ,,,,,,,,,,,,,,,,,,,,,,,,

679 1626 786 1714 Caput
810 1624 859 1690 12.

123 1707 173 1760 Ubi
192 1710 347 1764 describitur
378 1729 419 1765 res
448 1715 512 1765 mira
530 1715 563 1766 de
582 1714 692 1782 quadam
719 1713 832 1780 ancilla,
850 1729 917 1781 quae
944 1710 1045 1762 infirma
1074 1709 1154 1775 jacuit
1171 1705 1240 1774 apud
1260 1708 1346 1759 civem

158 1795 237 1831 unum
265 1781 291 1831 iu
319 1779 466 1848 (ipatowic,
486 1784 512 1834 in
531 1801 581 1850 qua
599 1784 749 1836 infirmitate
767 1785 939 1850 sanguineum
966 1781 1088 1832 sudorem
1115 1777 1226 1838 sudavit,
1253 1785 1279 1829 et
1307 1790 1350 1828 res

159 1852 236 1901 miras
254 1852 342 1900 locutu
360 1850 414 1901 fuit.
451 1851 566 1904 ltemde
584 1851 657 1904 abitu
688 1856 758 1923 regis
783 1868 841 1902 cum
860 1850 976 1904 exercitu
993 1848 1026 1900 ad
1051 1847 1209 1914 ilungariam
1229 1853 1288 1912 post
1307 1859 1348 1896 re·

160 1921 326 1971 novationem
357 1928 472 1990 senatus,
500 1919 544 1972 ubi
573 1920 635 1973 felix
652 1935 712 1972 esse
744 1921 839 1988 coepit,
858 1929 883 1972 et
902 1920 957 1988 regi
975 1918 1044 1970 filius
1072 1915 1258 1967 llauimiliauus
1275 1922 1352 1966 natus

165 1986 212 2038 fuit
230 1987 280 2039 hoc
298 2002 365 2037 anno
385 1996 434 2040 otc.
484 2019 1352 2045 ,,,,,,,,,,,,,,,,,,,,
1371 1982 1417 2037 221

684 2057 790 2146 Caput
814 2061 864 2126 13.

123 2138 173 2194 Ubi
192 2143 344 2210 insinuatur,
364 2142 434 2209 qnod
453 2159 497 2199 rer
518 2144 697 2200 ferdinanlus
717 2148 743 2198 in
761 2147 892 2215 ilungaria
905 2145 1018 2197 existens
1030 2139 1150 2194 bohemis
1168 2139 1255 2191 literas
1269 2139 1354 2203 scrip-

158 2214 229 2274 serit,
248 2211 389 2271 instauror,
407 2213 477 2278 quod
495 2215 579 2266 omnia
599 2214 667 2266 bene
685 2224 712 2266 et
730 2215 841 2268 feliciter
858 2216 1008 2276 succedant,
1027 2209 1125 2264 ibidem
1144 2208 1222 2260 urbes
1241 2216 1354 2260 etarces

159 2288 300 2350 expugnet,
319 2294 463 2348 omnesque
480 2284 566 2335 eidem
585 2297 614 2335 se
632 2284 780 2351 subjiciant,
800 2294 826 2337 et
845 2299 892 2352 pro
911 2283 1016 2335 domino
1036 2295 1084 2330 suo
1102 2285 1244 2346 agnoscant
1299 2317 1305 2330 .
1346 2312 1353 2326 ·
1372 2275 1421 2331 223

683 2351 730 2418 Oa
754 2363 789 2416 ut
814 2353 864 2418 14.

121 2433 172 2487 Ubi
190 2435 342 2499 insinuatur,
361 2436 430 2502 quod
464 2453 509 2490 rer
528 2437 709 2491 Ferdiuandns
731 2376 827 2492 Uenno
845 2439 933 2491 literas
952 2451 984 2488 eu
1003 2434 1135 2503 Hungaria
1153 2435 1179 2485 in
1200 2429 1352 2485 Bobemiam

156 2505 339 2569 transmiserit,
370 2505 532 2575 significans,
553 2507 621 2574 quod
636 2509 686 2560 sibi
705 2511 792 2560 omnis
811 2508 878 2560 bene
897 2514 924 2559 et
941 2505 1054 2559 feliciter
1071 2503 1257 2571 successerint,
1278 2501 1352 2554 Bndu

157 2581 183 2623 et
202 2571 268 2622 aliae
288 2573 407 2623 civitates
427 2588 455 2625 se
487 2577 511 2627 ei
543 2575 716 2640 subjecerint;
735 2578 811 2629 simul
830 2592 919 2644 regem
938 2575 1065 2626 loannem
1092 2581 1246 2640 persecutus
1272 2569 1353 2625 fuerit

160 2641 266 2700 tamdiu,
288 2641 373 2690 donec
392 2658 450 2693 eum
469 2659 558 2712 regem
578 2661 610 2697 ex
628 2645 758 2714 Hungaria
776 2646 928 2712 expulisset,
947 2646 1057 2712 ipseque
1076 2658 1122 2708 pro
1140 2654 1203 2709 rege
1215 2649 1353 2705 susceptus

162 2718 189 2760 et
207 2717 345 2761 coronatus
364 2711 468 2762 tandem
487 2713 574 2777 inerit,
595 2728 645 2764 una
664 2731 722 2765 cum
741 2720 831 2784 regina
850 2715 924 2766 Anna
944 2710 1086 2764 conthorali
1103 2726 1176 2762 sua.
1213 2749 1219 2762 .
1257 2735 1309 2765 .·.
1345 2706 1421 2765 ,226

685 2781 792 2869 Caput
815 2785 864 2850 15.

108 2862 153 2915 'ln
173 2880 224 2933 qno
243 2864 408 2934 describitur,
427 2868 512 2933 qualia
531 2875 592 2919 tnnc
609 2873 733 2936 temporis
752 2871 875 2922 miracula
893 2884 922 2921 se
940 2868 1028 2920 miultis
1049 2863 1197 2919 hominibus
1221 2863 1355 2917 exbibue-

159 2938 218 2988 rint.
252 2933 367 2986 Tandem
387 2936 457 3000 quod
476 2951 522 2989 rex
540 2935 719 2995 Ferdinandus
738 2941 893 2992 officialibus
911 2941 989 3006 regiis
1008 2936 1177 2995 mandaverit,
1196 2941 1224 2984 nt
1241 2948 1354 3000 compo-

161 3003 281 3074 sitionem
301 3001 464 3055 amicabilem
484 3008 551 3058 inter
569 3006 698 3073 relegatos
712 3017 737 3061 et
755 3007 1030 3078 Pragenseselficiunt,
1041 3005 1205 3071 quodtameu
1221 3002 1254 3052 ad
1273 3002 1356 3053 elfec-

160 3081 213 3122 tum
232 3087 308 3121 suum
327 3086 380 3121 non
400 3077 526 3138 pervenit.
561 3073 705 3137 Prugeoses
724 3080 792 3129 enim
820 3080 845 3130 in
869 3094 914 3128 sua
944 3076 1088 3126 intentione
1113 3079 1354 3138 perseveraverunt

160 3138 224 3194 ltem
243 3139 374 3206 quomodo
389 3143 468 3192 rexin
488 3143 529 3194 die
549 3158 647 3195 coenae
667 3144 771 3199 Domini
791 3147 957 3198 devotionem
975 3159 1047 3194 suam
1065 3140 1188 3208 religiose
1207 3141 1348 3210 peregerit,
1452 3173 1455 3179 -

160 3208 319 3277 pauperibus
337 3209 420 3274 pedes
438 3210 537 3275 laverit,
557 3215 666 3280 ipseque
685 3215 785 3268 eisdem
803 3225 921 3283 tempore
949 3211 1051 3282 prandii
1076 3208 1242 3261 adraensem
1260 3210 1347 3260 inser-
1365 3272 1414 3332 22⁷

158 3279 253 3330 viverit
302 3314 310 3330 .
344 3313 351 3326 .
385 3317 391 3329 .
431 3307 440 3318 ·
476 3311 1345 3340 ,,,,,,,,,,,,,,,,,,,,,

672 3326 789 3439 λΟειριιῐ
812 3353 862 3418 16.

128 3433 156 3490 fu
175 3447 226 3500 qno
245 3434 389 3486 insinuatur
407 3433 440 3487 de
458 3435 616 3503 Imperatore
634 3446 660 3490 et
677 3440 760 3508 liege,
779 3440 911 3507 quomodo
931 3439 1031 3503 utrique
1049 3436 1150 3488 fortuna
1169 3431 1210 3484 bis
1227 3433 1351 3499 tempori·

160 3502 208 3554 bus
228 3503 329 3566 faverit,
348 3500 433 3569 Papae
453 3521 515 3557 vero
535 3505 612 3573 quale
631 3508 797 3561 infortunium
817 3525 831 3561 a
851 3507 964 3564 Caesare
983 3506 1129 3575 contigerit.
1164 3500 1279 3553 Tandem
1299 3517 1351 3569 qua

162 3570 284 3624 violentia
303 3571 423 3623 notabilis
442 3589 563 3625 numerus
582 3575 820 3644 neobaptisatorum
838 3593 886 3646 pro
905 3576 1042 3644 evaugelio
1062 3580 1152 3625 sancto
1182 3585 1229 3638 per
1247 3571 1354 3637 episco-

161 3655 222 3709 pum
240 3638 347 3692 Fabium
366 3642 483 3706 perditus
502 3643 579 3695 luerit
605 3675 1220 3702 ...............
1301 3676 1308 3690 .
1346 3636 1423 3692 .230

685 3710 792 3801 Caput
815 3715 864 3780 lt.

125 3794 176 3848 Ubi
193 3801 296 3848 notatur
314 3794 347 3846 de
367 3810 491 3848 caesareo
519 3801 635 3852 exercitu
654 3809 680 3852 et
698 3802 815 3868 ejusdem
834 3805 860 3854 in
878 3799 959 3868 ltalia,
977 3805 1030 3850 tum
1048 3795 1209 3857 Florentiae,
1227 3800 1281 3846 tutu
1299 3794 1353 3848 tto-

159 3881 217 3916 mae
236 3864 428 3931 progressibus,
447 3874 473 3916 et
490 3865 547 3916 aliis
568 3870 671 3920 casibus
691 3872 716 3921 in
743 3872 785 3920 via
817 3873 923 3932 exortis,
955 3871 999 3934 qui
1029 3867 1140 3920 feliciter
1170 3873 1256 3915 tamen
1292 3879 1354 3916 cae·

158 3948 233 3986 sareu
252 3935 379 3984 exercitui
397 3935 571 4001 contigerunt.
603 3937 682 3991 Simul
702 3939 833 4006 quomodo
852 3938 921 4007 Papa
939 3939 1069 3991 Romanus
1087 3933 1266 3988 adhortatore
1300 3968 1308 3986 .
1345 3932 1423 3987 ,231

684 4005 790 4094 Caput
814 4009 863 4073 18.

126 4089 175 4142 Ubi
194 4062 357 4155 describitur,
377 4087 509 4154 quomodo
528 4094 658 4144 exercitus
677 4109 816 4147 caesareus
834 4095 943 4147 nomam
954 4089 1152 4159 oppugnaverit,
1163 4086 1232 4155 Papa
1250 4103 1315 4141 vero
1327 4097 1354 4143 et

160 4156 305 4209 cardinales
323 4157 445 4225 fugerint,
464 4164 491 4207 et
509 4170 633 4225 quantum
651 4164 764 4230 praedae
784 4164 880 4216 ibidem
899 4161 1085 4231 acquisiverint
1128 4191 1355 4216 ......
1372 4157 1424 4212 233

683 4229 791 4318 Caput
815 4232 865 4298 19.

125 4313 172 4366 Ubi
193 4309 347 4365 describitur
366 4310 399 4361 de
417 4309 524 4379 reginae
542 4313 633 4368 Annae
652 4316 760 4388 Pragum
780 4319 900 4371 adventu.
919 4317 983 4370 ltem
994 4313 1126 4384 quomodo
1144 4313 1235 4365 exules
1253 4327 1268 4364 a
1286 4328 1352 4385 rege

159 4387 309 4435 constanter
322 4381 419 4443 justam
438 4384 613 4445 provisionem
632 4394 658 4436 et
676 4388 855 4440 defensionem
874 4388 1022 4454 petiverint,
1042 4398 1124 4448 nsque
1144 4382 1202 4433 dum
1223 4397 1255 4434 eo
1269 4383 1355 4438 deve-

157 4454 248 4513 nisset,
267 4449 337 4514 quod
357 4450 493 4499 terminum
512 4454 661 4505 audientiae
680 4459 782 4523 utrique
802 4459 868 4522 parti
886 4455 1067 4524 assignaverit,
1088 4459 1114 4502 et
1132 4451 1221 4516 quales
1236 4459 1296 4504 tunc
1309 4467 1353 4504 re·

158 4520 312 4572 luctationes
332 4516 429 4567 fuerint
469 4517 581 4572 Tandem
601 4525 750 4576 concedens
770 4525 812 4577 ille
832 4525 931 4577 salvum
950 4523 1108 4574 conductum
1127 4519 1245 4571 exulibus
1264 4523 1355 4572 resci-

158 4590 195 4639 drt
214 4585 407 4636 accusationem
426 4592 453 4636 et
470 4587 502 4637 ad
520 4593 720 4644 transactionem
739 4609 785 4645 eos
815 4594 931 4654 remisit,
942 4600 968 4644 et
989 4592 1049 4643 dum
1061 4603 1093 4640 eu
1110 4586 1270 4654 devenisset,
1281 4604 1349 4642 exn·

157 4658 197 4708 les
217 4670 264 4705 rua
282 4654 430 4721 gravamina
449 4668 649 4724 proposuerunt,
667 4660 811 4730 Pragenses
829 4676 894 4714 vero
912 4662 971 4713 illos
988 4657 1102 4712 ludibrio
1120 4655 1247 4709 babentes
1266 4661 1349 4710 remi·

124 4739 128 4745 ·
146 4729 257 4786 serunt;
274 4721 371 4775 seddi
389 4722 476 4775 denno
495 4729 677 4783 accusationes
695 4745 756 4784 enas
772 4731 947 4802 protulerunt,
963 4729 1009 4783 ubi
1033 4741 1081 4780 rex
1099 4723 1132 4777 de
1149 4740 1219 4778 novo
1237 4725 1297 4779 illos
1319 4725 1354 4780 ad

134 4793 347 4850 transactionem
365 4795 471 4857 remisit
512 4836 877 4857 ,,,,,,,,,
909 4817 916 4832 ·
954 4834 962 4852 .
999 4838 1006 4854 ,
1040 4831 1048 4846 .
1083 4832 1092 4850 ,
1126 4829 1135 4848 .
1168 4829 1177 4861 .
1211 4829 1220 4847 .
1255 4829 1264 4850 ,
1296 4831 1306 4851 ,
1339 4795 1421 4856 ‚235
