2948 5040
53 337 233 403 mationem
254 335 440 413 finiverrmt,
462 334 549 424 qnod
570 357 614 402 ex
634 335 845 425 amplissimis
863 335 976 403 verbis
996 332 1032 401 in
1050 354 1182 403 sensum
1200 338 1350 405 succina·

53 450 126 507 tum
159 440 214 505 hic
244 437 412 507 redactum
444 448 511 525 θεῖς
544 439 633 526 quod
654 463 772 529 nempe
793 440 876 508 baec
897 441 1015 522 omnia,
1049 460 1137 526 qnae
1165 449 1279 508 contra
1310 462 1350 508 sc

55 544 289 633 prolatssunt,
310 552 441 629 negent,
474 545 652 632 reprobent
672 555 705 612 et
725 544 855 634 publice
875 547 1036 633 rejiciant,
1071 545 1228 631 dicentes,
1260 543 1349 635 quod

56 649 140 716 baec
160 648 226 724 illis
248 669 413 734 nunquam
436 650 648 732 occurrerint,
684 649 726 714 ds
747 649 800 715 hia
832 673 895 717 nec
917 652 1070 738 cogitent,
1106 672 1169 718 nec
1203 651 1349 737 cogitare

56 753 171 836 velint,
208 761 245 818 ut
267 752 426 840 quaedam
450 752 656 819 Christianae
684 753 763 820 fidoi
785 757 947 822 contraria
968 756 1149 835 crederent,
1182 763 1351 823 servarent

55 869 112 923 aut
134 856 356 939 defenderent,
378 878 440 922 neo
462 857 549 942 quod
575 879 711 924 erronea
732 867 789 924 aut
799 859 991 948 blasphema
1002 862 1140 948 egerint,
1160 856 1262 926 locuti
1273 861 1349 942 sint,

56 983 165 1048 neque
187 960 246 1026 ulli
268 961 349 1036 haec
371 983 470 1047 agere
492 972 525 1026 et
546 962 635 1051 loqui
648 962 848 1047 admiserint,
871 965 1087 1033 ettalimodo
1104 966 1252 1039 scotiam
1274 961 1349 1031 sub·

56 1068 188 1143 mittere
209 1067 402 1152 professioni
423 1067 501 1134 fidei
523 1090 633 1134 coram
655 1071 810 1136 universo
841 1070 963 1157 populo
994 1068 1224 1158 deponendae3
1258 1067 1348 1157 quod

57 1193 138 1257 erga
159 1193 272 1256 regem
293 1168 462 1239 dominum
484 1195 577 1241 suum
600 1173 835 1262 subjectionem
858 1196 987 1261 semper
1000 1173 1131 1240 fidelem
1146 1184 1179 1239 et
1191 1173 1351 1239 sinceram

57 1277 272 1359 servaverint,
297 1300 425 1363 »augere
448 1280 544 1343 etiam
566 1277 753 1366 adjuverint
780 1279 902 1344 bonum
935 1289 969 1344 et
996 1279 1077 1345 utile
1111 1278 1197 1345 Suae
1225 1277 1350 1364 Regiae

56 1383 252 1470 Majestatis,
276 1389 513 1452 communitatis
530 1388 670 1453 civitatis
685 1385 862 1473 Pragensis
885 1392 918 1450 et
939 1385 1084 1478 universi
1106 1393 1208 1450 status
1231 1381 1348 1468 civilis,

57 1487 216 1576 adeoque,
246 1489 334 1576 quod
356 1489 397 1555 de
418 1490 516 1556 nullis
539 1491 677 1574 insidiis,
708 1513 769 1556 nec
791 1490 864 1556 aliis
886 1488 985 1556 rebus
1006 1489 1102 1554 malis
1124 1502 1267 1574 unquam
1287 1487 1351 1554 'sci-

57 1593 176 1676 verint,
201 1615 262 1657 nec
270 1588 337 1658 illis
359 1617 502 1682 unquam
517 1596 678 1682 quaedam
700 1595 819 1661 similia
839 1596 997 1683 imputata
1015 1597 1104 1682 juste
1122 1590 1266 1677 'fuerint3
1288 1591 1352 1659 hoo

47 1697 222 1791 ‘submisse
244 1707 407 1784 rogantes,
442 1721 483 1764 ne
505 1694 646 1788 amplius
667 1698 787 1765 talibus
814 1697 906 1763 falsis
937 1697 1220 1786 informationibus
1249 1696 1352 1763 'fidem

56 1803 211 1878 habeant,
233 1813 424 1869 revocantes
447 1826 483 1869 se
504 1803 546 1869 ad
568 1803 734 1892 publicam
744 1812 780 1871 et
784 1797 908 1890 jutam
925 1805 1012 1892 juris
1023 1802 1223 1869 audientiam
1239 1823 1351 1869 coram

57 1929 148 1993 rege,
169 1915 228 1972 aut
249 1908 400 1974 omnibus
422 1910 516 1995 regni
533 1907 679 1995 judiciis,
703 1907 789 1995 quod
802 1909 1032 1974 innocentiam
1055 1929 1147 1972 suam
1170 1909 1269 1995 juxta
1292 1929 1352 1995 ap·
1406 1950 1408 1955 -

57 2012 287 2102 probationem
309 2012 483 2100 cujuslibet
505 2013 644 2079 hominis
667 2012 746 2079 boni
767 2012 987 2078 demonstrare
1009 2012 1121 2080 velint
1154 2011 1258 2078 Simul
1267 2012 1351 2098 Regi

58 2118 192 2184 domino
215 2141 272 2182 suo
297 2117 384 2205 quod
405 2128 514 2204 grates
538 2118 691 2201 referant,
733 2117 821 2204 quod
842 2107 972 2184 illorum
1004 2139 1119 2205 preces
1141 2115 1297 2183 exaudire
1318 2124 1352 2182 et

59 2231 191 2307 tempus
210 2245 250 2288 ac
272 2222 379 2288 locum
401 2223 689 2291 demonstrationis
710 2246 788 2290 suae
807 2220 1013 2288 innocentiae
1036 2223 1083 2287 eis
1095 2222 1264 2307 assignare
1279 2219 1350 2306 dig·

18 2342 21 2349 ’
63 2335 162 2391 natus
182 2327 230 2393 sit
253 2328 399 2415 Principi
423 2330 520 2394 etiam
544 2332 666 2415 gratias
679 2336 824 2416 egerunt,
850 2326 937 2415 quod
951 2328 1093 2413 gratiose
1103 2325 1177 2391 illos
1192 2324 1351 2392 exaudire

65 2431 214 2518 dignatus
236 2432 345 2498 fuerit.
367 2432 490 2498 Ultimo
515 2444 650 2519 egerunt
672 2436 793 2521 gratias
816 2442 1043 2498 montanorum
1065 2440 1097 2497 et
1118 2430 1254 2496 aliarum
1272 2431 1352 2497 eivi-

60 2545 165 2602 tatum
186 2537 356 2625 ablegatis,
392 2538 478 2626 quod
500 2538 542 2605 ad
564 2539 663 2605 talem
696 2538 895 2604 audientiam
930 2537 1151 2619 convenerint,
1187 2544 1352 2622 rogantes,

61 2643 156 2707 utin
177 2644 331 2709 universo
354 2666 456 2728 regno
479 2653 579 2708 testes
602 2643 731 2710 illorum
753 2644 960 2709 innocentiae
982 2663 1056 2706 esse
1076 2640 1189 2731 velint,
1212 2649 1245 2705 et
1265 2639 1354 2728 quod

58 2769 120 2835 pro
144 2748 339 2837 supradictis
362 2748 510 2816 omnibus
545 2749 631 2837 (Deo
653 2749 798 2838 volente)
832 2748 917 2816 laete
936 2758 1073 2816 mortem
1098 2746 1207 2813 subire
1229 2745 1340 2814 velint

599 2950 746 3024 CAPUT
768 2959 819 3026 36.

61 3067 124 3128 Ubi
142 3040 277 3153 'notatus
302 3069 380 3144 quod
405 3068 555 3145 quaelibet
576 3085 646 3144 pars
669 3050 806 3143 adversa,
841 3066 990 3127 actionem
1023 3085 1077 3127 seu
1110 3082 1233 3125 causam
1264 3080 1351 3122 snam

135 3163 138 3167 ⁵
368 3208 371 3213 ·
433 3172 631 3249 conscriptam
651 3174 781 3251 principi
801 3160 981 3252 porrexerit.

147 3356 325 3445 Postquam
347 3357 446 3444 igitur
469 3381 489 3424 a
510 3368 602 3446 parte
623 3368 758 3446 utraque
780 3360 882 3425 multa
901 3358 1029 3448 prolata
1046 3358 1194 3433 fuissent,
1215 3353 1347 3421 manda·

60 3462 111 3528 vit
131 3463 297 3549 princeps,
331 3471 367 3527 ut
388 3485 464 3549 pars
487 3461 652 3550 quaelibet
673 3465 881 3551 singulariter
909 3473 942 3530 et
970 3464 1105 3529 seorsim
1134 3483 1223 3526 suam
1252 3458 1350 3541 inf0r7

61 3568 239 3632 mationem
261 3576 293 3631 et
318 3566 485 3654 querelam
507 3568 702 3652 conscribat,
736 3592 771 3635 se
794 3569 874 3635 haec
896 3568 983 3636 velle
1006 3568 1077 3653 regi
1099 3566 1275 3654 porrigere.
1297 3559 1352 3629 Ad

61 3671 145 3737 haec
168 3673 361 3758 Pragenses,
390 3673 425 3737 in
448 3671 534 3738 huno
558 3695 698 3756 sensum,
732 3682 888 3761 utsupra
912 3674 1068 3759 scriptum
1101 3681 1161 3753 est,
1194 3669 1352 3755 scriptum

61 3777 170 3841 eidem
193 3777 454 3862 extradiderunt3
476 3779 672 3843 incarcerati
695 3781 816 3866 pariter
839 3801 898 3844 sua
920 3779 1130 3866 scripserunt,
1154 3796 1194 3840 ac
1211 3770 1354 3862 principi

62 3902 103 3946 ac
126 3882 296 3947 civitatum
319 3881 478 3967 ablegatis
500 3893 716 3969 porrexerunt
737 3884 787 3949 his
810 3882 938 3949 verbis:

148 3984 548 4075 Serenissimeprinceps,
583 3989 706 4054 domini
727 3992 881 4071 montani,
905 3996 937 4052 et
958 3985 1094 4051 aliarum
1118 3984 1283 4050 civitatum
1297 3981 1353 4048 ab·

61 4089 171 4177 legati
207 4089 383 4178 Postquam
406 4093 448 4157 ad
470 4094 668 4160 audientiam
691 4103 723 4159 et
744 4101 876 4158 nostrae
898 4080 1105 4156 innocentiae
1126 4087 1352 4153 demonstrati·

60 4219 158 4262 onem
191 4195 326 4261 admissi
355 4196 538 4282 fuissemus,
573 4198 755 4263 libertatem
779 4206 887 4262 tamen
924 4205 956 4260 et
987 4205 1114 4282 tempus
1149 4191 1357 4259 commodum

59 4301 184 4366 habere
206 4324 272 4368 non
293 4306 465 4391 potuimus,
501 4306 585 4369 sicut
606 4326 682 4390 pars
716 4301 812 4367 nobis
845 4300 993 4384 adversa,
1026 4308 1064 4364 ut
1095 4298 1290 4385 tempestive
1322 4303 1359 4360 et

21 4462 23 4467 .
62 4405 233 4472 commode
255 4408 503 4473 nscessitatibus
526 4409 645 4473 nostris
668 4405 841 4497 providere
864 4425 1036 4491 possemus
1052 4402 1094 4468 ad
1104 4399 1356 4491 producendum
1372 4438 1383 4446 -·

58 4511 117 4597 jus
139 4520 296 4597 nostrum,
334 4535 373 4577 ac
395 4521 462 4575 tam
486 4502 637 4591 diuturna
667 4533 707 4575 ac
740 4529 876 4575 onerosa
906 4508 1162 4573 incarceratione
1184 4503 1358 4586 debilitati,

64 4617 167 4680 animi
189 4617 291 4702 quieti
312 4618 347 4680 in
369 4617 431 4681 hac
454 4615 533 4682 urbe
557 4637 629 4681 esse
651 4638 717 4681 non
751 4613 913 4702 potuimus
936 4613 979 4679 ob
1001 4611 1118 4676 multas
1140 4607 1354 4674 adversitates

65 4733 97 4786 et
119 4720 374 4810 inquietudines,
407 4742 512 4809 neque
534 4729 643 4788 tantos
665 4719 820 4788 articulos
845 4725 985 4811 aparte
1007 4715 1302 4882 adversawcontra
1312 4723 1385 4767 nna
