2948 5040
140 184 205 255 lae

140 363 180 423 et
193 355 286 424 Anti·
283 355 411 445 omiss
432 352 528 437 ovile,
560 363 594 425 et
614 377 663 424 ex
679 378 718 425 eo
740 355 937 426 voluntatem
967 377 1058 428 suam
1086 358 1293 450 adimpleant.
1336 358 1430 428 Ideo-

139 484 203 552 que
225 485 323 586 super
342 462 424 530 tales
437 461 545 550 legati
566 460 676 529 literas
698 462 820 530 multae
851 443 1088 533 admonitiones
1109 487 1130 531 a
1151 464 1376 554 Pragensibue
1399 477 1430 532 et

139 568 213 636 aliie
247 570 277 634 ei
298 567 516 635 mittebantur.
560 563 642 632 Item
675 567 787 633 literae
820 578 956 656 sequent
956 592 991 635 es
1013 592 1034 635 a
1055 571 1245 637 consistorio
1279 579 1431 660 tempore

140 675 405 765 quadragesimae
426 673 489 739 boc
509 695 595 740 anno
616 675 736 741 missae
758 682 841 740 sunt.
1068 736 1071 743 .

224 779 456 847 Salutationem
487 779 700 847 salutarem
690 800 724 844 m
747 777 886 862 Christo,
922 788 955 844 et
982 780 1017 843 in
1039 742 1187 844 omnibus
1217 774 1316 853 rebus
1354 779 1431 867 obe

141 884 295 951 dientiam
316 883 458 951 debitam
481 883 566 951 Suae
587 883 768 951 venerabili
789 883 982 950 Paternitati
1005 883 1235 969 significamus
1279 862 1430 952 Venera-

139 990 215 1059 bilis
236 998 337 1078 pater.
367 989 586 1056 Venerabilis
608 989 789 1055 Paternitas
818 988 951 1077 dignata
979 989 1040 1054 fuit
1072 988 1220 1055 nobie
1189 990 1270 1055 vrrie
1293 990 1430 1078 spiritu-

140 1094 245 1162 alibus
280 1104 313 1161 et
343 1095 570 1162 ecclesiasticis
604 1093 835 1160 consolabilem
858 1103 891 1160 et
921 1096 1155 1165 neeessariam.
1172 1093 1429 1177 admonitionem

140 1222 199 1293 per
221 1208 325 1267 certos
346 1203 478 1268 nuntios
504 1199 731 1284 transmittere,
770 1198 866 1265 simul
886 1221 1014 1287 *nempe
1042 1199 1208 1282 laetantes,
1244 1197 1334 1284 quod
1369 1207 1432 1264 tam

141 1296 298 1371 notabile
314 1326 394 1392 opus
425 1307 554 1375 executi
585 1303 749 1388 fuerimus,
782 1312 819 1369 ιιι
840 1327 953 1392 eorpus
985 1328 1083 1369 caum
1113 1302 1272 1369 ecelesiae
1294 1313 1430 1371 sancme

63 1457 67 1468 .
141 1409 310 1476 vobiscum
333 1413 368 1476 in
390 1411 513 1475 unitate
529 1408 733 1475 obedientiae
756 1406 1054 1494 sedisapostolicae
1077 1406 1265 1472 efficiamur.
1308 1406 1362 1473 Ita
1384 1417 1433 1474 est

143 1514 261 1597 Sancte
276 1515 381 1598 Pater,
404 1514 491 1602 quod
511 1513 592 1579 nihil
614 1512 774 1579 salubrius
796 1510 914 1576 Vestra
935 1510 1130 1577 venerabilis
1145 1511 1329 1577 Paternitas
1361 1535 1430 1601 spe·

142 1640 215 1686 rare
235 1619 347 1707 possit,
382 1628 414 1685 et
434 1618 516 1684 nihil
549 1616 745 1704 gaudiosius,
782 1624 911 1703 praeter
941 1602 977 1681 id
999 1615 1085 1703 quod
1113 1615 1225 1701 legati,
1259 1618 1315 1705 qui
1350 1618 1433 1684 intra

90 1788 93 1793 .
146 1723 245 1790 breve
280 1732 407 1811 tempus
430 1723 645 1804 comittantur,
679 1720 765 1787 Suae
795 1718 977 1786 venerabili
997 1720 1188 1785 Paternitati
1224 1720 1432 1794 intimabunt.

147 1828 244 1894 Oerte
255 1829 340 1914 enim
354 1849 490 1913 regnum
506 1824 684 1890 Bohemiae
697 1825 732 1888 in
742 1823 836 1887 firma
846 1825 939 1910 petra
954 1845 1052 1890 verae
1063 1824 1141 1890 fidei
1152 1824 1314 1909 firmatum
1328 1825 1430 1893 solum

146 1932 179 1998 id
201 1933 332 1999 unicum
354 1940 469 2015 tuetur,
492 1948 534 1996 ne
558 1950 683 1995 errores
705 1938 800 1993 conte
782 1928 944 2012 emueudi,
968 1929 1023 2016 qui
1037 1930 1130 2016 quasi
1150 1929 1228 1995 fluet
1216 1939 1266 1996 tua
1281 1932 1316 1995 in
1341 1934 1432 2020 aquis

145 2035 265 2125 ubique
298 2037 385 2101 circa
418 2057 478 2100 nos
511 2058 571 2124 per
592 2035 787 2100 Teutonicas
819 2033 969 2119 regiones
1001 2033 1099 2099 valde
1134 2033 1258 2099 dilatati
1281 2046 1369 2114 sunt,
1401 2039 1432 2102 in

144 2163 243 2207 unum
265 2141 427 2207 confluere
449 2143 584 2229 possint,
622 2159 727 2224 aeque
756 2139 872 2203 sicutt
874 2139 958 2204 urris
980 2124 1171 2223 Milotensis,
1196 2139 1299 2206 Feres
1336 2141 1431 2224 dicu,

142 2249 179 2312 in
201 2246 307 2312 medio
321 2246 485 2312 fluctuum
497 2245 596 2333 maris
619 2253 712 2310 const
699 2244 792 2309 tituta
824 2243 973 2310 omnibus
995 2245 1101 2309 nautis
1124 2243 1221 2327 lueet,
1199 2253 1278 2313 tet
1300 2267 1436 2319 securas¹

145 2351 252 2429 reddit
274 2373 385 2417 omnes
407 2371 518 2432 naves,
542 2370 625 2438 quae
646 2348 688 2438 ad
712 2371 782 2420 eam
797 2349 996 2437 confugiunt
1031 2357 1062 2413 et
1084 2293 1254 2437 appellubt
1302 2349 1431 2418 Idcirco

147 2478 324 2545 speramus,
348 2452 544 2521 venerabilis
559 2453 665 2537 Pater,
699 2452 785 2541 quod
808 2452 942 2518 ethaeo
964 2452 1062 2517 finem
1085 2475 1176 2519 suum
1199 2440 1428 2541 adipiscentia,

127 2561 189 2627 'de
211 2560 327 2649 quibus
349 2559 546 2626 venerabilis
570 2558 688 2645 Vestra
710 2559 886 2645 paternitas
907 2557 1010 2623 literis
1031 2580 1091 2623 nos
1113 2556 1279 2624 consolata
1299 2558 1376 2644 fuit,
1406 2568 1431 2626 et

147 2665 241 2732 nobis
263 2665 412 2730 intimare
434 2663 636 2751 dignabatur,
672 2670 769 2750 atque
803 2684 863 2727 nos
887 2684 924 2727 eo
955 2663 1120 2741 animavit,
1153 2686 1272 2751 nempe
1293 2664 1339 2730 ad
1362 2688 1434 2732 oon·

149 2771 312 2853 stantiam,
348 2769 411 2836 hoo
431 2769 562 2835 unicum
588 2766 749 2833 submisse
771 2775 929 2854 petentes,
952 2774 987 2832 ut
1009 2766 1050 2832 de
1072 2767 1317 2845 confirmatione
1341 2769 1433 2853 hujus

149 2857 250 2942 divini
283 2873 381 2940 officii
403 2873 623 2956 sollicitentur,
659 2871 694 2937 id
718 2871 822 2937 solum
843 2879 1006 2958 rogantes,
1038 2894 1080 2937 ne
1101 2873 1218 2939 Vestra
1239 2875 1435 2943 venerabilis

66 3062 69 3070 Ι
148 2979 329 3069 Paternitas
350 2979 431 3046 illud
452 2980 595 3066 graviter
615 2977 707 3060 ferat,
745 2975 831 3065 quod
867 2976 964 3063 legati
997 2979 1098 3043 nostri
1120 2978 1202 3044 haec
1223 2979 1433 3068 prolongent3

147 3107 224 3150 nam
244 3085 330 3151 intra
350 3083 450 3151 breve
467 3086 538 3172 jam
559 3083 714 3170 temporie
742 3082 881 3169 spatium
904 3104 1012 3149 coram
1033 3083 1213 3149 venerabili
1234 3085 1432 3151 Paternitate

149 3211 185 3254 ee
206 3191 330 3272 sistent,
364 3196 527 3276 petentes,
563 3197 599 3252 ut
627 3188 938 3255 vestraPaternitas
970 3186 1051 3253 illud
1083 3187 1125 3253 ad
1156 3184 1253 3255 finem
1286 3198 1431 3277 optatum

73 3330 78 3338 ·
149 3293 338 3381 perducant,
362 3301 394 3357 et
414 3293 461 3357 ita
487 3300 683 3380 consurgent
704 3292 788 3358 muri
797 3291 990 3369 Jerusalem,
1013 3291 1197 3379 aperientur
1218 3294 1302 3359 atria
1313 3317 1432 3377 eorum,

150 3402 184 3464 et
203 3397 288 3463 firmi
311 3404 404 3463 erunt
424 3395 547 3483 pedes,¹
568 3411 601 3461 et
623 3397 728 3462 securi
757 3397 954 3479 intrantium,
987 3396 1272 3486 acceptabiturque
1303 3399 1434 3465 victima

92 3502 97 3513 '
146 3503 302 3591 justitiae,
334 3499 499 3568 videbitur
512 3501 614 3566 'Deus'
643 3502 677 3566 in
700 3501 778 3567 Sion
801 3510 833 3565 et
860 3502 943 3588 justi
975 3500 1153 3587 procedent
1184 3502 1225 3567 de
1247 3504 1370 3591 virtute
1401 3506 1433 3569 in

121 3675 123 3679 ,
150 3608 312 3674 virtutem.
347 3605 438 3670 Deus
461 3605 516 3671 det
538 3605 873 3675 Vestraevenerabili
897 3605 1086 3671 Paternitati
1109 3605 1366 3675 incolumitatem
1381 3618 1435 3696 p'er

137 3702 260 3776 'omnia
281 3721 425 3798 tempora
446 3710 481 3776 in
495 3709 633 3791 ¹Christo
654 3710 744 3776 Jesu.
767 3710 903 3783 Vestrae
923 3709 1103 3776 venerabili
1124 3712 1311 3799 paternitati
1330 3713 1432 3787 clerus

72 3833 77 3842 ·
152 3824 262 3880 noster
283 3837 318 3880 se
341 3814 519 3881 humillime
541 3815 755 3881 commendat.

238 3920 359 3985 Datum
381 3920 507 4006 Pragae
530 3928 589 3986 eto.
635 3919 731 3985 Anno
756 3920 870 3987 152&

359 4024 444 4091 Suae
466 4025 662 4092 venerabilis
684 4026 886 4113 paternitatis

239 4129 434 4196 submissimi
467 4132 563 4214 servi,
596 4131 754 4217 magister
776 4127 890 4197 Gallus
912 4129 1149 4241 administrator
1176 4150 1248 4194 cum
1272 4134 1340 4195 toto
1364 4151 1433 4195 eon·

114 4300 117 4305 .
157 4233 282 4303 sistorio
306 4259 340 4307 se
363 4235 574 4305 commendat
933 4252 937 4256 ·
