2948 5040
1295 155 1364 244 rso

62 344 252 433 iniquitates
273 313 471 432 vituperans,
493 338 695 432 laudansque
724 331 860 409 virtutes
890 344 1053 428 honestas,
1083 353 1116 411 et
1136 304 1240 412 vitam.
1270 349 1357 436 piam

61 446 250 519 bominibus
296 446 469 536 aliquando
491 469 551 534 per
565 450 718 537 popinas,
750 447 888 514 subinde
913 450 948 514 in
979 449 1095 517 insulis
1129 459 1162 516 et
1189 450 1359 519 littoribus·

61 554 214 623 Daemon
235 574 323 635 vero,
347 553 403 639 qui
424 571 490 615 non
511 552 657 638 quiescit,
678 552 806 636 timens,
829 574 983 640 neregno
1006 575 1063 618 suo
1085 563 1200 631 noceat
1222 556 1359 653 etjudi·

61 680 142 724 eans
164 680 199 723 se
220 656 385 723 meliorem
408 679 574 723 accessum
611 665 644 722 et
659 657 1168 744 occasionempro-impediendis
1190 659 1241 725 bis
1264 660 1359 727 bonis

61 783 129 828 non
151 759 281 844 habere,
304 761 368 826 nisi
389 782 447 847 per
484 759 625 827 titulatos
649 758 854 826 sacerdotes:
883 759 1003 826 fectum
1034 762 1235 849 itaque—ibit,
1272 765 1359 852 quod

61 866 138 933 illos
162 877 274 932 contra
296 863 435 931 eundem
456 864 575 931 talibus
597 865 659 931 viis
681 865 911 931 concitaverit.
966 865 1055 932 Dum
1077 889 1143 932 non
1165 869 1275 953 semel,
1299 869 1359 936 sed

62 971 194 1059 saepius
217 973 339 1037 curiam
353 969 587 1055 ‘ascenderunt
610 990 630 1035 a
651 968 869 1056 Pregensibus
879 978 1038 1058 petentes,
1060 979 1096 1037 ut
1111 996 1118 1009 ’
1133 971 1240 1038 eidem
1277 974 1361 1040 tales

63 1077 137 1165 ejus
160 1074 334 1140 conciones
354 1083 513 1164 potestate
535 1073 621 1140 laica
640 1069 878 1141 interdicantur
905 1074 1037 1159 tamdiu,
1066 1074 1171 1142 donee
1204 1075 1247 1142 ab
1263 1076 1360 1166 'epis-

63 1181 156 1269 copis
168 1179 322 1245 Romanis
343 1164 405 1247 rite
416 1189 448 1245 et
469 1178 588 1263 debito,
611 1182 695 1245 sicut
715 1179 764 1245 illi
787 1180 861 1267 ipsi,
883 1179 1048 1246 ordinatus
1062 1181 1168 1247 fuerit.
1189 1180 1234 1247 Et
1248 1204 1358 1270 qnam-

63 1285 116 1352 vis
138 1282 323 1370 Pragenses
344 1278 419 1350 ¹eum
441 1283 483 1352 ad
507 1305 541 1348 se
563 1284 656 1350 citari
672 1284 842 1372 jusserint,
875 1291 908 1348 et
942 1285 1060 1370 partim
1086 1285 1359 1353 admonitionibus

62 1388 172 1472 bonis,
194 1388 314 1477 partim
334 1409 412 1454 vero
434 1386 483 1453 illi
506 1396 622 1455 severs
650 1385 806 1454 minando
828 1386 909 1452 baec
941 1386 1100 1474 impedire
1123 1398 1156 1457 at
1187 1389 1360 1478 probibere
1390 1435 1393 1440 -

61 1493 171 1560 eonati
193 1492 323 1577 fuerint,
350 1491 393 1559 ad
408 1490 488 1567 baec
509 1490 752 1558 intermittenda
763 1499 869 1558 umen
891 1488 983 1556 illum
997 1491 1193 1578 persuadere
1214 1515 1280 1560 non
1304 1516 1360 1585 po·

60 1604 203 1681 tuerent,
220 1592 297 1685 quia
317 1618 434 1684 nempe
456 1594 570 1662 habuit
591 1596 739 1684 spiritum
760 1594 880 1661 bonum
891 1594 1070 1662 ferventem
1088 1597 1125 1661 in
1153 1596 1360 1686 se,ideoque

27 1706 31 1715 “
61 1726 192 1793 semper
213 1702 318 1790 magis
351 1702 523 1768 conciones
546 1700 693 1789 ejusdem
725 1722 785 1790 per
815 1699 983 1765 civitatem
1016 1700 1269 1787 invalescebant,
1303 1704 1360 1788 ite,

62 1807 151 1898 quod
167 1810 239 1898 jam
261 1828 380 1895 magna
401 1807 495 1895 copia
516 1805 683 1873 bominum
695 1805 935 1889 notabiliorem,
957 1826 1135 1893 pauperum
1150 1827 1189 1872 ac
1211 1805 1359 1908 divitum,

63 1916 316 1985 domesticorum
338 1923 370 1981 et
389 1914 636 2003 peregrinorum
658 1913 700 1980 ad
727 1912 819 1980 illum
852 1908 1048 1999 congregata
1082 1911 1199 1998 fuerit3
1233 1935 1358 2002 aequo

61 2023 168 2111 magis
191 2021 240 2088 illi
263 2021 344 2087 haec
364 2019 590 2109 prohibebant,
613 2040 652 2085 eo
675 2019 832 2107 majorem
861 2015 1104 2114 inclinationem
1138 2024 1171 2080 et
1192 2017 1359 2084 confiden-

61 2128 144 2194 tiam
164 2126 207 2193 ad
231 2112 369 2192 eundem
400 2124 538 2213 populus
560 2120 683 2206 habuit,
717 2131 750 2188 ct
780 2120 858 2188 licet
889 2118 1027 2185 subinde
1050 2140 1086 2183 se
1107 2119 1213 2207 Praga
1244 2121 1360 2189 absen-

64 2239 180 2313 tasset,
200 2238 233 2298 et
254 2229 297 2296 ad
318 2229 399 2295 alias
422 2230 573 2297 civitatee
601 2236 633 2294 et
661 2249 764 2317 pagos
786 2225 828 2292 ad
850 2223 1096 2314 propagandum
1120 2225 1256 2302 verbum
1278 2226 1360 2294 divi.

67 2357 144 2415 num
162 2334 360 2418 recessisset,
373 2330 512 2422 Pragam
532 2322 641 2403 tanim
663 2353 792 2419 semper
807 2330 927 2396 redivit
958 2332 1125 2418 minaeque
1162 2329 1268 2396 nullas
1299 2354 1360 2400 ,on-

64 2440 158 2508 ravit.
202 2439 268 2506 Hic
288 2440 349 2507 fuit
371 2449 458 2505 certe
480 2439 576 2505 homo
598 2438 703 2504 bonae
726 2439 805 2526 spei,
829 2436 976 2521 devotus,
998 2437 1080 2525 pius,
1104 2435 1209 2503 Deum
1231 2439 1358 2521 timone

63 2554 97 2612 et
117 2545 218 2612 vitam
241 2545 363 2611 ducens
391 2544 620 2633 exemplarem,
652 2542 738 2608 dona
759 2541 825 2606 Dei
852 2541 1034 2629 possidens,
1071 2544 1160 2608 etin
1183 2543 1245 2609 hoc
1269 2543 1359 2608 omni

62 2644 289 2733 securusfuit,
312 2648 398 2738 quod
420 2649 511 2716 illum
532 2670 598 2714 non
619 2654 744 2713 tantun
766 2645 811 2730 bi,
834 2635 887 2734 qui
924 2647 989 2735 ipsi
1010 2646 1097 2714 bona
1115 2646 1278 2732 favebant,
1302 2647 1360 2714 sed

63 2755 162 2825 etiam
176 2752 247 2842 'ipsi
270 2753 417 2842 ejusdem
438 2753 571 2838 inimici,
602 2754 749 2819 ¹maxime
771 2774 848 2820 vero
872 2753 978 2820 clerus
995 2756 1086 2843 juste
1107 2766 1173 2821 non
1194 2756 1358 2842 potuerint
1441 2812 1442 2815 ,

60 2855 96 2925 in
117 2858 188 2926 ulla
208 2858 344 2941 macida,
367 2859 557 2946 praesertim
580 2867 714 2925 externa
748 2857 1004 2947 deprehendere,
1033 2868 1100 2924 tam
1123 2861 1196 2947 pius
1219 2862 1361 2926 enimet

60 2963 218 3031 honestus
240 2964 276 3028 in
297 2962 462 3051 operando
482 2962 552 3046 fuit,
583 2963 671 3051 quod
691 2963 800 3030 multis
823 2962 1065 3052 complacuerit,
1094 2966 1245 3053 ⁴exceptis
1282 2965 1362 3048 illis,

62 3069 182 3161 quibus
216 3068 430 3135 communiter
456 3068 524 3134 vita
552 3069 721 3151 virtuosa,
739 3069 929 3156 praesertim
965 3068 1093 3134 clericis
1124 3069 1255 3135 fastidio
1288 3071 1359 3141 fuit

63 3173 162 3258 Quod
185 3174 281 3240 etiam
302 3174 481 3239 maximum
514 3183 738 3266 argumentum
768 3177 876 3240 sactae
897 3172 1124 3240 Pickharticae
1156 3175 1217 3239 fuit
1246 3184 1358 3242 corma

63 3279 149 3363 illos,
171 3280 228 3366 qui
240 3278 290 3344 bis
302 3278 501 3366 temporibus
523 3285 588 3342 tam
601 3278 948 3367 honestiapparebant.
969 3278 1062 3367 Erga¹
1081 3294 1239 3366 pauperes
1262 3280 1360 3346 etiam

63 3394 129 3452 tam
153 3383 340 3449 misericors
361 3382 476 3460 fuerat,
510 3382 596 3471 quod
632 3385 770 3473 ipsemet
801 3385 843 3453 ab
866 3383 981 3451 incolis
995 3420 998 3429 ·
1013 3383 1137 3450 auxilia
1158 3384 1359 3471 temporalia,
1400 3419 1404 3429 ·

56 3498 185 3578 'nempe
207 3488 431 3577 eleemosynas
449 3498 645 3576 acceptans,
680 3487 721 3554 de
741 3489 808 3555 illis
835 3488 976 3579 plurima
996 3491 1192 3582 pauperibus
1223 3502 1256 3558 ct
1285 3515 1359 3582 cap·

68 3594 147 3661 tivis
170 3593 278 3658 animo
301 3593 495 3659 laetabundo
518 3592 676 3659 tribuerit.
734 3645 736 3648 .

155 3696 244 3762 Dum
264 3697 374 3783 itaque
398 3696 527 3782 Pragae
546 3697 690 3763 existens
722 3697 804 3764 tales
837 3702 1064 3788 oppressiones
1096 3725 1136 3768 ac
1165 3701 1357 3768 afflictiones

62 3801 232 3868 bominum
253 3800 380 3868 videret
407 3810 439 3866 et
459 3795 603 3885 resciret,
627 3800 825 3873 diutiusilla
837 3805 970 3871 sufferre
993 3815 1105 3873 conua
1128 3806 1358 3872 conscientiam

66 3906 223 3994 nequivit,
250 3904 307 3970 sed
322 3904 432 3971 literas
446 3906 489 3971 ad
510 3906 803 3975 administratorem
827 3917 859 3974 et
881 3911 950 3998 ejus
973 3911 1200 3992 consistorium
1223 3933 1265 3976 ex
1280 3932 1362 3988 vere¹

67 4018 99 4076 et
122 4011 259 4094 sincera,
288 4009 428 4078 ferventi
449 4033 488 4077 ao
510 4026 622 4077 sancta
644 4010 922 4080 commiseratione
942 4014 997 4081 die
1018 4012 1208 4081 Jovisante
1230 4015 1358 4080 tertiam

66 4114 263 4181 dominicam
287 4115 555 4203 quadragesimae
577 4115 631 4182 die
658 4101 792 4181 amotae
814 4118 984 4186 Gertrudis
1014 4120 1110 4208 hujus
1140 4120 1217 4184 anni
1238 4121 1281 4184 in
1302 4141 1358 4206 pa·

66 4218 213 4287 rocbiam
235 4220 441 4308 -Teynensem
454 4223 561 4307 misit,
592 4223 634 4287 ad
668 4219 825 4308 quosdam
857 4223 978 4290 amicos
1013 4223 1055 4290 de
1088 4232 1171 4290 statu
1206 4225 1360 4312 equestri,

65 4346 150 4415 quae
172 4325 219 4391 ita
240 4334 378 4391 sonant:
783 4354 786 4359 ·
