2948 5040
88 132 156 203 ΜΟ

84 325 148 373 nec
166 300 242 371 illos
263 298 389 385 decest,
421 307 459 367 ut
479 298 529 369 illi
548 306 662 369 conta
676 319 717 367 ss
737 298 827 387 ipsos
854 296 1074 369 testimouium
1093 295 1205 383 odunt,
1236 315 1316 363 cum
1347 294 1383 361 in

84 431 150 477 uno
169 405 302 474 foedere
324 411 357 472 et
377 402 576 492 obligatione
597 428 672 473 oum
692 403 922 479 communitate
942 402 1107 491 conjuncti
1127 401 1204 479 sint
1231 406 1384 491 petentes

85 534 208 600 regem,
229 520 265 587 ut
285 508 368 575 baec
383 509 474 598 juste
485 509 529 577 ab
552 509 617 577 illis
631 517 787 578 amoveat
808 508 882 574 Rex
902 529 981 575 vero
994 507 1080 573 hanc
1109 505 1386 595 supplicationem

86 639 162 687 cum
181 612 375 689 consiliariis
397 613 464 679 suis
484 614 702 702 perpendens,
724 611 891 680 mandavit
910 610 1041 701 domino
1063 610 1260 677 canceflario
1290 603 1388 692 regni

84 721 272 800 Bohemiae,
293 725 330 783 ut
349 715 417 783 illis
450 717 553 785 verbo
585 740 644 785 suo
678 719 768 806 regio
797 717 984 807 praecipiat,
1015 726 1052 783 ut
1079 717 1131 784 his
1161 717 1385 783 testimonium

85 826 271 917 praebeant
290 820 346 889 nli
365 843 443 890 vero
465 820 676 891 advenientes
697 821 751 888 die
770 821 874 905 Jovis,
906 822 1020 909 quinto
1050 821 1104 888 die
1133 829 1210 887 ante
1233 820 1269 887 S.
1308 820 1382 886 Bar·

84 930 259 1001 tholomaei
278 927 397 995 festum
418 926 462 994 ad
483 928 711 995 cancellariam
741 928 865 1015 regiam
887 949 999 994 omues
1031 949 1151 1017 nempe
1181 935 1298 1006 testes,
1331 949 1384 992 nu·

84 1058 175 1105 mero
194 1031 328 1123 triginta
348 1054 517 1122 personae,
550 1032 622 1099 loco
645 1055 781 1121 quorum
803 1033 945 1099 omnium
967 1033 1084 1098 iterum
1104 1031 1230 1098 Passek
1266 1030 1386 1097 acribia

84 1140 211 1210 loeutus
231 1138 304 1223 luit,
325 1136 415 1226 quod
434 1135 477 1203 ad
499 1138 686 1204 citationem
717 1139 841 1225 regiam
863 1137 917 1204 die
949 1138 1116 1203 nominata
1151 1157 1268 1202 omnes
1301 1157 1385 1203 oom-

86 1251 232 1337 puraaut,
254 1241 314 1309 sed
334 1241 423 1330 quod
443 1242 664 1309 testimonium
685 1241 764 1308 dare
784 1243 902 1309 iterum
916 1250 1087 1330 nequeant,
1110 1263 1154 1307 ex
1174 1262 1287 1324 causa,
1312 1241 1388 1328 quia

85 1350 170 1421 baso
196 1345 391 1437 supplicatio
423 1344 496 1433 regi
528 1355 560 1413 et
587 1345 800 1436 prudentibus
832 1346 1024 1435 oonsiliqriis
1061 1343 1206 1435 ejusdem
1245 1343 1291 1411 ab
1323 1344 1387 1411 illis

85 1452 206 1539 medita
236 1472 303 1518 non
332 1457 383 1516 est
403 1449 602 1516 sufficienter
622 1472 793 1541 perpensa,
823 1450 882 1527 sed
912 1450 998 1539 quod
1019 1449 1125 1517 adbuc
1157 1449 1257 1515 aliam
1278 1449 1387 1537 porri·

87 1579 167 1647 gere
195 1556 306 1639 velint,
334 1562 374 1641 ¹et
404 1554 501 1645 hujus
529 1557 655 1622 rabone
685 1556 842 1645 quaedam
875 1578 1072 1645 proponere3
1103 1556 1131 1621 si
1151 1578 1232 1622 vero
1254 1565 1387 1644 praeter

86 1663 170 1731 baeo
196 1659 306 1727 omnia
324 1680 386 1726 rex
406 1660 544 1749 ipsemet
566 1662 613 1727 eis
634 1660 847 1745 mandaverit,
880 1669 916 1727 ut
936 1660 1001 1726 tale
1024 1662 1245 1737 testimonium
1276 1659 1386 1745 edant,

86 1765 174 1857 quod
185 1764 316 1832 tandem
337 1760 517 1832 secundum
538 1764 727 1831 mandatum
743 1789 778 1832 se
789 1788 903 1853 gerere
925 1765 1036 1833 velint
1059 1765 1125 1831 Hic
1138 1766 1261 1831 iterum
1287 1788 1387 1854 queu-

87 1872 165 1939 dam
184 1868 312 1938 obicem
339 1870 545 1955 invenerunt,
579 1871 673 1956 qussi
700 1893 762 1936 rex
794 1893 867 1937 cum
901 1870 1104 1954 consiliariis,
1137 1869 1217 1935 dum
1251 1868 1385 1937 domino

88 1972 283 2045 cancellario
304 1973 353 2040 ita
373 1973 463 2063 loqui
483 1973 661 2053 mandavit,
684 1973 718 2040 in
735 1973 969 2041 deliberatione
992 1982 1026 2041 et
1045 1975 1266 2063 perpensione
1290 1962 1386 2064 bajus

88 2078 335 2171 supplicationis
356 2077 394 2143 in
413 2100 450 2144 re
472 2077 612 2167 quadam
641 2078 836 2146 aberrasset.
877 2078 921 2143 Et
947 2080 994 2145 ita
1014 2078 1145 2145 tandem
1179 2100 1218 2144 eo
1250 2102 1310 2146 res
1332 2078 1387 2145 de·

89 2188 190 2270 venit,
223 2180 312 2273 quod
331 2182 550 2251 testimonium
584 2181 741 2250 exhibere
769 2183 941 2273 debuerint
962 2183 1004 2250 ad
1025 2183 1213 2250 mandatum
1246 2184 1384 2271 regium

648 2374 795 2442 CAPUT
818 2378 870 2443 21.

89 2558 129 2619 In
151 2574 212 2641 quo
231 2562 362 2627 notator,
400 2555 480 2632 quod
501 2551 609 2615 iterum
631 2556 749 2614 Passek
770 2551 899 2616 voluerit
920 2557 1008 2617 modo
1047 2564 1076 2615 et
1106 2557 1211 2616 fraude
1247 2579 1309 2620 sua
1329 2560 1381 2619 dis·

90 2642 189 2705 bolico
210 2643 365 2703 dominum
386 2660 475 2705 sunm
495 2661 596 2719 regom
618 2642 677 2703 sibi
698 2643 864 2720 gratiosum
887 2645 1021 2717 reddere,
1043 2663 1178 2722 sperans,
1203 2647 1280 2707 dum
1296 2650 1382 2708 bonos

91 2740 123 2793 et
144 2731 319 2790 innocentes
340 2729 477 2789 homines
499 2728 645 2790 afflixerit
666 2738 696 2787 et
717 2729 894 2808 sanguinem
927 2731 1047 2791 illorum
1078 2732 1258 2809 profuderit,
1297 2751 1388 2812 agens

90 2818 169 2879 illud
189 2816 222 2876 in
242 2817 384 2877 bonorem
406 2825 436 2875 et
457 2817 576 2877 laudem
597 2817 667 2893 Dei,
691 2818 772 2894 quod
794 2817 854 2875 sibi
875 2838 974 2895 regern
996 2818 1148 2879 addictum
1171 2821 1390 2882 etbenevolum

89 2905 203 2967 reddet.
225 2901 381 2979 Quomodo
388 2903 497 2964 iterum
509 2906 656 2981 quendam
667 2903 852 2982 lagenarium
864 2913 893 2963 et
914 2905 1040 2964 alterum
1063 2905 1265 2984 cingularium
1289 2910 1332 2967 ad
1344 2928 1389 2969 ro·

89 2986 380 3073 gumcondemua'tos
389 2990 644 3068 educijusserunt.
667 2989 972 3068 Simulquomodoisti
983 3012 1082 3054 coram
1093 3003 1154 3055 toto
1172 2994 1288 3072 populo
1303 2997 1391 3056 fidem

198 3098 285 3139 suam
305 3080 511 3157 profiteantur,
533 3089 562 3140 et
584 3080 673 3139 simul
694 3098 750 3158 pro
770 3079 898 3139 inimicis
922 3079 985 3139 suis
1007 3080 1105 3141 Deum
1128 3092 1265 3141 exorent.

175 3247 301 3315 Videns
324 3269 402 3334 ergo
423 3247 550 3314 Passek
571 3269 645 3312 oum
667 3248 862 3335 quibusdam
883 3251 981 3315 sociis
1004 3250 1071 3315 suis
1086 3249 1186 3316 verbo
1202 3258 1237 3316 et
1250 3252 1386 3317 nomine

92 3354 236 3421 omnium
256 3352 480 3440 Prsgensium,
518 3351 604 3440 quod
626 3351 715 3417 nullo
737 3353 834 3419 modo
856 3376 967 3441 regem
1000 3354 1167 3421 dominum
1192 3377 1290 3420 suum
1314 3356 1390 3422 acti·

90 3456 153 3524 bus
175 3466 209 3524 et
227 3455 338 3523 verbis
361 3454 482 3523 dolosis
505 3456 573 3521 suis
594 3478 653 3544 pro
676 3477 735 3520 sua
756 3466 849 3543 parte
871 3460 1049 3544 gratiosum
1071 3467 1102 3525 et
1116 3460 1179 3526 sibi
1189 3482 1392 3548 propensum

90 3559 228 3626 reddere
248 3567 391 3647 nequeat
409 3581 469 3647 pro
491 3557 657 3624 voluntate
679 3581 747 3642 sua,
780 3562 905 3627 invenit
926 3562 989 3628 sibi
1010 3562 1108 3628 aliam
1129 3566 1217 3629 viam
1234 3566 1392 3631 instinctu

92 3664 272 3749 daemonis,
293 3673 329 3729 ut
352 3661 412 3729 sub
435 3662 508 3729 velo
531 3662 689 3755 ferventis
714 3663 909 3731 christianae
930 3666 1098 3753 religionis
1122 3676 1154 3732 et
1166 3668 1309 3754 pietatis,
1334 3668 1392 3735 sed

91 3777 177 3836 teoto
198 3768 282 3834 falso
316 3776 350 3850 et
368 3766 455 3833 melo
476 3766 551 3833 dolo
574 3766 743 3836 insidiario
787 3793 952 3838 venenoso
974 3771 1115 3838 furorem
1138 3794 1230 3837 suum
1253 3772 1391 3839 diaboli·

91 3896 175 3956 oum,
197 3872 355 3938 invidiam
378 3894 456 3959 ergo
479 3873 666 3960 proximum
689 3882 722 3938 et
742 3873 917 3942 falsitatem
940 3898 1094 3942 exercere
1116 3879 1227 3965 possit,
1253 3879 1282 3942 si
1304 3878 1390 3944 forte

91 3977 150 4044 tali
170 3978 227 4043 via
247 3977 378 4044 efficere
400 3986 511 4065 posset
545 3976 645 4063 (sicut
667 3980 735 4066 egit
758 3979 917 4067 superbus
939 3980 1057 4065 Amen,
1092 3983 1147 4070 qui
1168 4004 1228 4070 per
1249 3983 1389 4049 insidias

92 4081 222 4147 induxit
242 4102 354 4168 regem
376 4081 538 4149 Asverum
561 4083 728 4149 dominum
751 4108 843 4151 suum
867 4085 927 4152 sub
950 4087 1023 4153 velo
1056 4086 1133 4152 fidei
1155 4096 1189 4152 et
1208 4086 1390 4174 religionis,

92 4196 128 4253 ut
147 4184 398 4252 Mnrdocbaeum
420 4208 495 4253 cum
516 4186 814 4255 omnibusJudaeis
837 4190 879 4255 ad
901 4191 1066 4257 interitum
1077 4192 1260 4281 perducat),
1283 4202 1393 4260 utrex

93 4289 142 4356 illi
163 4288 341 4356 benevolus
362 4289 526 4356 reddatur.
562 4291 708 4381 Ideoque
729 4294 880 4359 nesciens
903 4295 1063 4382 quomodo
1087 4298 1224 4382 gratiam
1246 4300 1339 4384 regis
1362 4306 1394 4366 et

91 4417 259 4463 accessum
282 4393 346 4460 sibi
368 4396 545 4463 conciliare
568 4407 679 4486 posset
701 4422 774 4465 cum
796 4400 880 4484 aliis,
905 4403 959 4487 qui
972 4401 1284 4468 eiadbaeoauxilia
1299 4426 1393 4491 prae-

91 4500 241 4584 buernnt,
265 4509 505 4587 proposuerunt
527 4502 599 4587 sibi,
631 4505 716 4569 sicut
736 4526 823 4571 anno
844 4506 1053 4593 praecedenti
1074 4508 1108 4573 in
1131 4506 1295 4595 principio
1320 4508 1391 4594 ejus

93 4605 263 4693 regiminis
286 4605 408 4670 iactum
431 4605 500 4688 fuit,
523 4615 558 4672 ut
581 4608 678 4672 etiam
701 4607 760 4674 tali
780 4608 877 4674 modo
898 4632 1013 4676 manus
1025 4612 1061 4677 in
1076 4611 1236 4698 sanguine
1248 4610 1393 4679 humano

90 4706 212 4796 lavent,
245 4707 362 4778 honori
394 4716 428 4777 et
449 4708 540 4778 leudi
562 4709 694 4780 dismas
715 4712 798 4781 baec
818 4712 1052 4797 adscribentes,
1085 4715 1145 4785 sed
1164 4736 1232 4785 non
1254 4738 1302 4785 ex
1324 4716 1393 4788 solo
