2948 5040
79 323 151 390 vita
172 318 334 410 corporali
354 338 430 385 suos
450 318 630 408 privarunt,
652 315 688 384 hi
709 322 877 386 cerotem
898 312 1120 406 corpor-aliter,
1147 333 1248 408 qnam
1277 315 1371 409 spirt-

78 425 209 494 tualitsr
229 423 426 493 occiderunt.
957 451 960 455 ·
1149 453 1150 456 =

528 627 679 723 carun
699 627 919 701 uurmuu

79 829 118 889 In
152 845 211 905 quo
231 832 405 906 repetuntur
427 845 528 888 omnes
549 827 607 887 hae
628 826 830 890 dissensiones
851 846 919 889 cum
948 827 1156 904 admiratione,
1187 827 1283 904 quasi,
1319 845 1371 888 cur

80 916 166 975 Deus
187 916 243 975 hos
265 910 333 993 pios
355 922 385 974 et
401 914 503 994 justos
523 913 659 974 homiues
680 915 794 976 tamdiu
822 914 854 974 in
875 915 923 976 his
945 914 1159 978 afflictionibus
1189 924 1219 976 et
1241 914 1368 976 miseriis

79 1002 246 1079 relinquere
267 1001 408 1080 diguatus
429 999 526 1062 fuerit.
547 1003 625 1061 Item
646 1001 763 1078 qualem
787 1001 951 1081 prolectam
973 1011 1003 1063 et
1032 1002 1182 1065 fortunam
1213 1010 1274 1061 tam
1307 1020 1370 1061 cru·

50 1086 199 1155 'delibus
232 1087 369 1168 tyrannis
399 1107 489 1177 super
520 1089 616 1150 bonos
649 1096 680 1149 et
706 1088 805 1168 justos
836 1090 919 1152 Deus
947 1090 1077 1152 tribuere
1103 1091 1243 1172 dignatus
1274 1088 1370 1151 fuerit.

164 1255 229 1322 llic
250 1255 357 1323 adhuc
379 1264 505 1344 oportet
526 1279 586 1346 pre
607 1256 715 1325 futura
735 1261 893 1327 memoria
913 1267 1070 1328 anuctme
1099 1268 1133 1328 et
1164 1278 1371 1349 nequaquam

80 1361 308 1445 intermittere,
330 1360 468 1450 quilibet
489 1364 576 1429 enim
598 1362 696 1430 homo
716 1363 860 1452 prudens
881 1363 964 1431 illud
985 1364 1192 1457 considerare
1223 1374 1257 1432 et
1273 1363 1371 1453 juxta

82 1464 241 1532 rationem
262 1465 442 1532 naturalem
463 1466 667 1556 perpendere
688 1467 796 1547 dehet,
826 1467 914 1557 quod
935 1469 1032 1537 valde
1052 1469 1221 1554 difficilis,
1252 1489 1372 1555 magna

81 1577 115 1636 et
136 1591 180 1636 ex
200 1576 293 1658 parte
314 1568 507 1658 periculosa,
529 1571 654 1637 incerta
675 1579 708 1637 et
729 1571 897 1655 dissimilis
918 1594 972 1640 res
989 1574 1095 1658 fuerit,
1117 1573 1204 1663 quod
1226 1573 1288 1640 hae
1309 1571 1367 1638 ali·

85 1682 165 1763 quot
184 1695 345 1763 personae
366 1673 480 1742 exules
501 1683 569 1742 tam
597 1674 796 1743 notabilibus
818 1685 851 1742 et
879 1679 958 1743 satis
979 1679 1165 1766 petentibus
1201 1676 1370 1764 Pragensi-

82 1778 145 1848 bus
168 1778 362 1864 civitatibus,
385 1787 422 1846 ut
441 1802 518 1869 pars
532 1778 680 1866 adversa,
704 1801 739 1845 se
761 1801 926 1870 oppenere
942 1783 1109 1871 potuisset,
1131 1791 1244 1851 cenna
1259 1803 1370 1849 eorum

85 1885 289 1973 prepositum
309 1884 509 1970 inevitabile,
531 1887 609 1974 quia
623 1884 824 1970 judicarint,
845 1884 928 1952 illud
949 1896 1022 1955 esee
1042 1886 1270 1976 insuperabile,
1292 1885 1370 1952 licet

85 1997 173 2055 tetus
202 1987 343 2058 mundus
373 1997 407 2057 st
426 1989 565 2080 populus
586 1992 759 2058 universus
786 1989 963 2058 seeundum
983 1990 1114 2058 illerum
1144 1982 1371 2069 sentimentum

85 2100 230 2159 umatus
253 2101 366 2159 eontra
387 2094 519 2161 eosdem
542 2117 577 2162 se
599 2096 815 2186 opposuisset
848 2093 919 2161 Imo
936 2093 1061 2184 judice,
1083 2094 1157 2162 illes
1178 2118 1245 2163 non
1268 2093 1371 2161 credi·

82 2197 183 2282 disse,
217 2205 253 2264 ut
284 2198 444 2287 quaedam
475 2209 623 2269 creatura
643 2223 756 2269 eonem
789 2200 946 2267 eumaem
966 2192 1180 2268 intentionem
1201 2201 1371 2266 immutare

81 2303 195 2391 possit,
228 2311 325 2391 prout
354 2303 451 2370 nimis
484 2305 627 2393 superbe
657 2313 693 2372 et
718 2304 803 2372 elate
834 2294 904 2371 rem
928 2327 1019 2371 suam
1040 2303 1253 2394 inceperuut3
1275 2301 1370 2369 multi

85 2408 173 2472 euim
207 2427 251 2472 ex
283 2407 456 2496 primariis,
494 2409 548 2493 qui
582 2408 664 2475 alios
696 2409 732 2476 in
755 2407 915 2475 similibus
936 2407 1112 2476 admonere
1144 2418 1178 2474 et
1207 2407 1370 2475 dehortari

83 2509 280 2594 debuissent,
303 2509 456 2578 dicebant
474 2534 545 2579 rem
568 2535 641 2581 esse
661 2514 872 2602 incongruam
896 2521 928 2579 et
959 2513 1028 2580 fere
1056 2512 1303 2602 impossibilem,
1336 2518 1372 2578 ut

78 2613 116 2682 hi
147 2615 260 2681 exules
294 2613 400 2683 denuo
432 2617 649 2686 habitationes
671 2641 747 2686 suas
768 2617 897 2706 Pragae
920 2617 1096 2708 obtineant,
1131 2625 1164 2684 et
1184 2638 1262 2685 vero
1285 2617 1372 2683 simi·

79 2718 146 2785 lius
168 2740 251 2803 esse,
285 2728 321 2785 ut
354 2718 436 2788 haec
469 2721 585 2788 civitas
606 2723 642 2789 in
664 2723 792 2790 eineres
829 2729 862 2787 et
883 2720 1053 2810 pulverem
1077 2730 1292 2805 convertatur,
1315 2727 1372 2786 aut

81 2830 188 2890 burres
210 2823 390 2914 domusque
423 2813 636 2911 invertantur,
672 2844 770 2915 quam
801 2834 838 2895 ut
859 2824 941 2922 haec
971 2825 1043 2891 fieri
1063 2825 1227 2892 deberent
1264 2824 1370 2913 Atque
1397 2864 1399 2867 v

80 2928 161 2995 dum
189 2950 250 2995 rex
281 2929 468 2997 Ludevieus
496 2931 718 3017 Pragensibus
740 2931 923 3019 scripserat,
944 2929 1115 3014 mandans,
1144 2937 1180 2994 ut
1196 2927 1270 2994 illos
1293 2950 1371 2995 exu-

81 3034 132 3100 les
154 3033 326 3101 denuc·in
355 3035 520 3102 civitatem
553 3045 585 3102 et
620 3036 655 3100 in
677 3035 764 3102 bona
785 3033 1120 3117 illerumimmittant,
1153 3031 1300 3099 solebant
1322 3031 1370 3099 di·

84 3159 171 3220 cere,
194 3136 281 3226 quod
303 3139 331 3203 si
352 3161 413 3205 rex
435 3139 532 3204 etiam
564 3137 698 3227 plenum
730 3160 860 3204 aurnum
890 3135 1003 3203 talium
1025 3135 1190 3204 literarum
1219 3139 1370 3220 mitteret,

80 3263 166 3331 quae
198 3243 295 3308 etiam
327 3241 406 3309 auro
430 3243 576 3330 scriptae
607 3242 723 3327 forent,
754 3263 791 3310 se
812 3243 906 3310 aliter
927 3249 1036 3308 tamen
1057 3264 1123 3308 non
1144 3239 1306 3327 facturos3
1339 3247 1372 3306 et

80 3344 150 3412 fere
181 3344 224 3413 ad
246 3345 334 3413 dicta
363 3347 444 3412 haec
465 3354 683 3431 accesserunt,
717 3345 814 3435 quod.
834 3347 931 3413 citius
953 3345 1080 3411 coelum
1102 3352 1242 3412 atterra
1263 3342 1371 3411 ¹trans·

79 3450 185 3530 ibunt,
207 3473 304 3538 quam
325 3460 361 3517 ut
383 3473 494 3518 eorum
513 3451 615 3518 verba
636 3450 799 3519 verificari
819 3473 886 3518 non
907 3449 1074 3534 deberent,
1096 3449 1223 3534 aliaque
1255 3449 1307 3516 his
1329 3448 1371 3515 si·

80 3555 173 3622 milia
192 3556 294 3622 multa
325 3556 367 3623 ab
396 3559 485 3623 omni
506 3557 731 3624 aestimatione
759 3555 868 3623 aliena
899 3553 1102 3643 protulerunt
1131 3557 1168 3621 in
1202 3554 1371 3644 vilipensi-

83 3682 180 3726 onem
201 3670 234 3727 et
255 3669 471 3750 contemptum
494 3662 582 3749 regis
594 3661 726 3728 'domini
749 3661 809 3746 sui,
831 3658 962 3748 taudem
981 3660 1078 3725 etiam
1093 3681 1153 3748 pro
1169 3681 1227 3726 sua
1240 3659 1373 3748 propria

79 3764 285 3831 inhonestate
318 3775 351 3832 et
383 3765 524 3832 ludibrio
544 3768 662 3850 futuro,
696 3764 783 3854 quod
805 3785 1010 3853 nequaquam
1042 3765 1166 3832 evitare
1187 3770 1370 3855 potuerunt.

80 3869 171 3934 Deus
193 3892 271 3934 vero
294 3892 359 3936 neu
381 3870 533 3937 observat
553 3879 587 3937 et
606 3892 672 3937 non
694 3869 804 3936 horret
825 3869 910 3936 vires
938 3877 971 3934 et
988 3869 1164 3956 potentiam
1186 3868 1370 3952 humanam,

80 3972 139 4039 sed
176 3982 298 4039 rectam
333 3975 504 4062 justitiam,
544 3974 763 4040 innocentiam
801 3980 833 4039 et
867 3973 902 4038 in
938 3971 1169 4039 afflictionibus
1205 3971 1371 4039 hominum

77 4077 299 4143 innocentium
320 4078 511 4165 patientiam
542 4100 563 4143 a
583 4078 744 4167 principio
773 4076 897 4144 mundi
922 4097 1026 4164 usque
1058 4074 1100 4141 ad
1132 4076 1217 4142 hanc
1238 4069 1371 4143 ‘mamm

78 4182 263 4248 considerat
295 4191 327 4248 et
359 4182 500 4248 custodit
532 4205 571 4249 ac
605 4191 712 4250 tuatim
752 4182 910 4279 adversus
950 4179 1097 4246 homines
1138 4180 1369 4264 fraudulentos,

79 4284 259 4373 dequibus
293 4288 391 4354 etiam
424 4310 490 4353 non
524 4287 667 4372 desistet,
701 4310 803 4376 usque
832 4285 875 4352 ad
898 4283 1208 4352 consummationem
1238 4285 1370 4352 saeculi.

77 4389 171 4457 Haec
193 4399 289 4456 autea
310 4393 477 4479 proposita
498 4415 558 4480 pro
581 4393 761 4458 certissimo
783 4389 994 4458 fundamento
1029 4388 1091 4454 sibi
1115 4389 1253 4476 quilibet
1273 4390 1370 4458 hemo

78 4515 247 4563 assumere
280 4494 387 4580 debet,
421 4496 508 4584 quod
529 4496 612 4563 haec
633 4497 680 4562 ita
701 4518 781 4563 vera
810 4495 892 4581 sint3
924 4494 1046 4560 factum
1080 4494 1167 4559 euim
1189 4517 1276 4561 nunc
1296 4495 1368 4581 ferit,

77 4599 166 4688 qued
186 4599 279 4666 Deus
300 4600 460 4686 quosdam
482 4600 629 4667 homines
651 4599 785 4683 miserit,
821 4600 877 4687 qui
899 4597 999 4666 variis
1021 4595 1127 4663 modis
1151 4605 1182 4662 et
1203 4599 1277 4683 viis,
1295 4599 1368 4667 *illo

78 4704 150 4792 ipso
173 4704 361 4790 auxiliante,
384 4703 466 4773 haec
488 4701 624 4773 dissidia
646 4707 857 4793 componaut3
882 4694 949 4770 cui'
974 4701 1065 4789 operi
1096 4701 1257 4771 veraciter
1291 4705 1370 4770 assi·
