2948 5040
1318 134 1364 221 ta

612 315 758 384 CAPUT
780 315 833 383 20.

68 454 106 512 In
131 473 190 529 quo
213 459 344 528 notatur,
367 455 438 530 quid
462 471 562 512 secum
583 451 669 526 ierat,
692 459 721 511 et
750 453 782 511 in
814 469 847 510 se
879 449 1031 510 contineat
1049 448 1252 526 juramentum
1278 465 1362 507 sena·

67 550 178 615 torum,
201 550 230 598 et
252 540 383 619 sigillum
406 537 547 600 civitatis.
593 541 729 599 Tandem
751 539 831 615 quod
854 538 1023 615 Pragenses
1058 541 1204 612 quosdam
1227 535 1364 607 clericos,

68 636 99 686 et
121 646 210 686 veros
233 627 309 703 legis
333 627 454 687 divinae
477 629 614 687 doctores
637 627 669 684 in
693 626 806 685 curiam
829 625 998 698 citaverint,
1030 632 1059 682 ot
1081 627 1183 704 Praga
1205 621 1364 695 edixerint,

67 722 98 771 et
122 714 204 772 exire
213 713 371 790 jusserint.
394 713 471 772 Item
494 715 531 772 de
554 714 683 789 quodam
706 713 860 783 monacho,
884 713 934 789 qui
958 712 995 770 ds
1017 712 1208 801 monasterio,
1222 710 1253 772 S.
1277 710 1362 769 Tho-

66 820 135 859 mae
169 801 322 879 expulsus,
351 802 541 861 concionatus
576 799 633 858 tuit
665 800 745 876 apud
776 796 805 860 S.
830 797 966 874 Crucem,
990 806 1018 858 et
1051 799 1101 877 qui
1139 798 1229 859 etiam
1262 799 1364 873 Praga

572 887 657 945 abire
673 887 778 963 jussus
801 884 863 948 tuit.

152 1070 247 1136 Ratio
268 1061 381 1135 innata
395 1079 499 1156 urget,
520 1078 557 1136 ut
566 1070 733 1160 paululum
745 1079 838 1137 extra
848 1072 936 1139 riam
951 1074 1186 1162 meipropoeiti
1207 1082 1239 1139 et
1251 1095 1363 1142 narra·

62 1176 164 1241 tionis
185 1174 357 1242 deflectam
390 1184 423 1239 et
443 1175 491 1240 rei
514 1175 570 1241 alii
591 1177 752 1268 insistam,
790 1199 832 1243 ex
862 1198 970 1254 causa,
1002 1189 1039 1243 ut
1072 1181 1161 1244 omni
1199 1178 1296 1245 modo
1320 1178 1361 1245 ab

62 1279 250 1346 hominibus
272 1281 373 1345 variis
396 1301 522 1347 errores
555 1302 615 1366 pro
652 1280 768 1347 futuris
802 1281 1002 1369 temporibus
1031 1277 1278 1368 removeantur,
1316 1283 1387 1348 si·'

61 1382 134 1448 mul
157 1384 264 1466 etiam,
286 1392 323 1447 ut
345 1385 452 1472 quivis
474 1405 656 1470 agnoscens
679 1385 850 1451 veritatem
879 1394 1012 1471 rectam,
1034 1387 1162 1453 facilius
1186 1395 1219 1452 et
1236 1387 1359 1474 justius

61 1489 175 1554 omnia
211 1489 246 1552 in
278 1487 339 1552 hac
368 1489 590 1555 controversia
617 1488 831 1577 perpendere,
866 1499 898 1558 et
934 1492 1089 1580 injuriam
1110 1513 1131 1556 a
1152 1493 1291 1558 veritate
1315 1491 1362 1556 di·

61 1593 231 1678 stinguere
266 1601 298 1658 et
331 1613 483 1680 separare
504 1595 614 1680 possit
661 1592 768 1661 Credo
791 1604 903 1662 notum
926 1618 999 1663 esse
1021 1594 1165 1679 cuilibet,
1200 1595 1286 1685 quod
1309 1618 1363 1664 res

59 1694 149 1760 duae
177 1694 242 1761 fide
275 1695 394 1783 dignae
429 1719 470 1763 ex
505 1696 687 1763 substantia
709 1699 796 1785 juris
825 1722 926 1787 penes
964 1703 1172 1787 magistratus
1195 1701 1364 1768 civitatum

60 1801 288 1886 inveniantur3
312 1822 429 1889 nempe
446 1803 669 1888 juramentum
692 1810 888 1886 senatorum,
914 1803 1000 1892 quod
1023 1806 1169 1871 continet
1190 1805 1275 1871 hanc
1289 1805 1365 1872 sub-'

59 1904 215 1969 stantiam
239 1912 271 1968 et
292 1905 535 1993 proprietatem,
559 1904 647 1992 quod
668 1907 819 1993 personis
849 1907 925 1988 illis,
949 1928 1031 1995 quae
1054 1931 1114 1995 pro
1139 1909 1246 1975 officio
1270 1932 1364 1976 sena·

59 2016 114 2071 tus
133 2008 355 2093 juramentum
378 2011 412 2074 in
436 2031 472 2074 se
494 2010 685 2097 suscipiunt,
709 2010 784 2096 plus
808 2009 881 2076 aliis
905 2009 946 2075 de
970 2015 1200 2078 communitate
1223 2013 1362 2078 homini·

59 2112 125 2177 bus
159 2111 309 2178 credatur
341 2115 375 2180 in
409 2112 518 2196 rebus,
554 2136 637 2200 quae
664 2115 852 2202 juramenta
875 2137 987 2182 eorum
1009 2117 1196 2202 attingunt3
1220 2118 1361 2204 sigillum

61 2225 170 2282 autem
194 2218 336 2283 civitatis
358 2221 504 2284 continet
532 2218 594 2284 hoc
615 2218 872 2303 fundamentum,
895 2220 982 2310 quod
998 2242 1116 2309 nempe
1139 2222 1268 2287 illarum
1291 2243 1363 2308 per·

66 2342 216 2387 sonarum
234 2324 422 2409 juramenta
444 2325 613 2392 confirmet
632 2327 667 2391 in
689 2326 836 2412 perfecta
857 2325 934 2390 fidei
968 2326 1171 2392 authoritate.
1220 2326 1363 2414 Ideoque

63 2428 142 2494 dum
164 2429 274 2496 debite
295 2429 341 2510 fit,
366 2429 453 2516 quod
474 2451 635 2520 personae
663 2433 794 2517 juratae
828 2451 926 2516 super
942 2432 1130 2518 juramenta
1161 2453 1219 2496 sua
1240 2430 1364 2518 aliquid

62 2541 269 2618 attestentur,
292 2543 389 2623 atque
411 2531 493 2598 haec
516 2533 618 2599 literis
642 2542 674 2600 et
696 2534 814 2620 sigillis
827 2524 1028 2619 confirment,
1052 2535 1117 2600 tale
1143 2536 1363 2602 testimonium

59 2647 99 2704 ut
120 2647 247 2706 certum
281 2648 317 2705 et
342 2638 471 2703 firmum
494 2639 680 2726 suscipitur,
711 2641 889 2707 secundum
906 2643 983 2729 jura
1006 2663 1026 2706 a
1048 2639 1193 2728 quolibet
1222 2640 1362 2705 homine.

58 2742 136 2808 Hoc
161 2753 269 2808 autem
291 2752 417 2810 tantum
438 2743 546 2809 locum
568 2743 668 2810 habet
689 2745 723 2808 in
746 2744 853 2829 rebus,
878 2769 963 2835 quae
996 2748 1030 2812 in
1061 2744 1191 2811 illorum
1214 2744 1363 2828 oonsilio,

59 2849 97 2912 in
131 2848 281 2934 judiciis,
315 2851 351 2914 in
385 2849 521 2932 actibus,
557 2857 589 2915 et
611 2851 830 2916 contractibus
860 2853 1000 2938 partium
1034 2852 1214 2933 contrariis,
1238 2858 1270 2915 et
1292 2849 1365 2915 aliis

60 2953 174 3019 multis
197 2953 295 3020 rebus
320 2956 521 3042 contingunt,
544 2955 586 3019 ad
621 2975 705 3043 quae
721 2955 850 3042 judices
874 2965 905 3020 et
934 2955 1128 3021 mediatores
1162 2955 1357 3041 obligantur,

67 3070 106 3123 ut
128 3057 169 3123 de
193 3059 244 3123 his
268 3060 424 3146 seriptum
448 3068 498 3125 est
518 3060 647 3146 injure
669 3060 857 3148 municipali
874 3061 1033 3146 Pragensi
1045 3083 1114 3148 cap.
1132 3062 1184 3143 36,
1200 3059 1319 3124 rubrio.
1331 3057 1362 3124 b.

58 3163 113 3228 De
137 3164 330 3228 testimoniis
350 3165 543 3251 juratorum.
593 3165 638 3228 Et
658 3167 692 3230 in
729 3166 791 3230 hoe
839 3187 936 3230 cursu
969 3165 1102 3230 difficile
1140 3173 1197 3241 est,
1235 3165 1362 3251 juratos

59 3268 248 3333 testimonio
261 3269 408 3352 vincere3
422 3267 476 3332 hic
491 3271 578 3334 enim
585 3269 655 3352 jam
670 3270 905 3335 adest'culmen
913 3271 998 3356 juris
1009 3271 1044 3335 in
1055 3269 1152 3336 rebus
1167 3270 1217 3346 bis
1236 3267 1362 3334 duabus

62 3372 130 3437 fide
154 3371 272 3459 dignis.
318 3372 353 3438 Si
370 3395 448 3439 vero
472 3373 596 3460 aliquid
613 3375 789 3459 contingat,
806 3376 888 3442 sicut
910 3378 943 3441 in
965 3373 1362 3459 modernisPragensibus

62 3476 248 3560 discordiis,
272 3486 307 3543 ut
328 3480 460 3565 ipsimet
477 3481 578 3566 jurati
602 3479 732 3544 cuidam
754 3478 795 3544 de
826 3481 1055 3546 communitate
1078 3486 1213 3565 agerent
1235 3486 1360 3565 partem

63 3582 271 3665 contrariam,
305 3604 423 3670 nempe
457 3592 513 3648 aut
543 3591 696 3666 actorem,
731 3583 785 3649 vel
807 3607 908 3669 reum,
932 3594 1009 3650 tnnc
1031 3584 1259 3672 praerogativa
1280 3583 1363 3649 haec

57 3687 131 3771 jam
170 3687 251 3772 ipsis
283 3685 430 3755 demitur.
476 3687 610 3769 Quare?
656 3689 732 3774 quia
765 3688 828 3755 sibi
858 3691 938 3776 ipsis
976 3690 1196 3755 testimonium
1218 3689 1306 3768 dare,
1331 3694 1363 3752 et

60 3793 209 3859 attestari
232 3816 297 3858 non
319 3801 465 3880 possunt,
500 3815 562 3856 nec
584 3792 808 3880 personaliter,
841 3816 903 3859 nec
938 3816 998 3882 per
1019 3795 1141 3878 literas,
1164 3793 1251 3882 quod
1273 3793 1360 3858 clare

58 3899 305 3963 demonstratur
326 3897 367 3962 ab
391 3894 541 3983 exemplo
563 3898 597 3961 in
620 3895 739 3962 tabulis
771 3907 802 3964 et
819 3897 954 3985 judiciis
988 3900 1091 3985 regni,
1121 3897 1178 3964 ubi
1202 3897 1362 3985 quaedam

60 4006 182 4070 civitas
205 4013 237 4068 et
259 4004 472 4069 communitas
496 4003 586 4069 citati
608 4010 641 4067 et
662 4005 807 4070 accusati
822 4004 953 4069 fuerunt
974 4027 995 4070 a
1013 4011 1106 4092 parte
1130 4004 1193 4070 sibi
1210 4003 1360 4085 adversa,

57 4116 193 4195 propter
213 4129 280 4172 non
304 4107 498 4173 extraditum
523 4106 687 4172 hominem
710 4107 773 4172 sibi
803 4109 1072 4195 appertinentem‚
1097 4129 1193 4196 quem
1216 4109 1360 4195 torqueri

58 4220 224 4294 curarunt,
249 4235 284 4275 se
308 4221 520 4299 opponentes,
544 4211 755 4297 dicentesque
778 4210 869 4276 illum
904 4234 976 4277 esse
1000 4211 1250 4290 malefactorem,
1274 4211 1361 4300 quod

56 4317 279 4406 probaverunt
299 4339 359 4404 per
376 4317 533 4403 judicem,
557 4317 708 4398 scribam,
732 4325 764 4382 et
788 4326 962 4400 senatores,
998 4320 1053 4406 qui
1085 4340 1213 4404 semper
1235 4319 1269 4383 in
1291 4327 1357 4384 tor·

57 4432 132 4488 tura
154 4420 343 4506 adfuerunt3
378 4421 459 4486 illud
493 4423 711 4488 testimonium
735 4445 790 4488 eos
813 4422 894 4488 nihil
919 4424 1018 4510 juvit,
1050 4421 1107 4489 sed
1133 4444 1264 4488 causam
1286 4444 1357 4509 per·

58 4527 220 4603 diderunt,
254 4527 330 4614 quia
365 4525 425 4590 sibi
462 4527 542 4613 ipsis
574 4527 793 4592 testimonium
824 4526 1053 4613 praebuerunt,
1088 4529 1144 4614 qui
1178 4549 1291 4592 omnes
1314 4525 1356 4592 ab

58 4632 173 4698 eadem
201 4631 430 4718 jurisdictione
472 4631 612 4698 fuerunt.
658 4629 754 4714 Quod
775 4634 873 4699 etiam
906 4633 995 4721 apud
1015 4635 1197 4718 Pragenses
1230 4631 1352 4696 factum

56 4736 127 4821 fuit,
162 4734 251 4823 quod
282 4745 318 4801 ut
349 4758 426 4824 pars
459 4736 600 4803 adversa
628 4747 742 4804 contra
779 4761 856 4806 sues
891 4741 1064 4823 condires,
1078 4740 1328 4811 incarceratos,
1345 4742 1388 4795 et
