2948 5040
1318 113 1384 189 iii

94 274 150 344 his
173 280 378 360 conservent,
400 281 535 363 storga
555 293 621 354 eos,
643 279 681 341 ιι
695 273 853 344 concives
876 296 952 345 suos
974 274 1178 368 madasca,
1201 282 1383 355 amicabili.

88 387 141 448 ter
175 392 208 447 ιι
227 379 379 468 benigne,
401 388 437 446 ut
457 379 549 464 alias,
579 401 614 446 se
647 388 762 467 gerant
806 389 866 451 etc.
909 382 1027 450 Postea
1052 384 1159 463 ,etiam
1178 387 1381 459 administra·

87 492 188 580 tores,
208 487 365 572 magister
382 483 580 551 Laurentius
603 505 646 550 ex
667 483 868 570 Bethlehem,
892 487 1044 555 sacerdos
1066 489 1281 561 Wenceslaus
1299 517 1382 578 cum

85 587 282 679 quibusdam
311 588 500 677 praecipuis
536 587 687 676 parochis
709 589 780 657 loco
815 591 914 658 totius
936 592 1015 660 cleri
1051 594 1182 683 publiea
1211 603 1384 669 contestati

86 699 164 759 sunt
185 713 294 758 coram
315 692 464 759 omnibus
486 714 576 758 more
597 691 743 778 honesto,
765 693 828 761 hoc
850 717 969 764 sensu:
1002 698 1099 787 quod,
1130 700 1208 767 dum
1240 704 1276 768 in
1306 725 1382 771 con·

87 798 217 865 sistorio
240 818 349 864 coram
370 796 437 863 illis
459 797 724 885 comparuissent,
745 800 869 870 nullum
892 804 1023 873 devium
1052 816 1108 873 aut
1129 808 1219 880 „fidei
1255 806 1381 877 christi·

87 924 172 970 anae
194 903 390 969 contrarium
411 903 446 968 in
468 899 535 967 illis
557 903 747 990 repererint,
771 906 830 972 sed
851 909 939 994 qnod
960 912 1031 978 veri
1053 921 1085 978 et
1106 911 1184 979 boni
1212 911 1381 980 christiani

86 1009 162 1092 sint,
195 1008 231 1072 in
262 1005 351 1073 nullo
385 1028 421 1073 se
451 1015 639 1095 separantes
660 1028 681 1073 a
702 1013 931 1080 communitate
953 1014 1111 1082 ecclesiae
1126 1017 1225 1104 juxta
1261 1016 1381 1084 duode-

87 1113 152 1180 cim
184 1110 337 1178 articulos
369 1110 446 1177 fidei
468 1110 674 1196 christianae,
704 1135 811 1202 neque
843 1114 886 1182 ab
918 1117 992 1185 aliis
1026 1118 1091 1207 legi
1122 1119 1253 1188 divinae
1282 1121 1380 1189 rebus

87 1215 378 1306 appertinentibus,
409 1215 601 1303 praesertim
634 1237 718 1304 quae
753 1230 953 1289 concernunt
975 1235 1212 1293 sacramentum
1235 1228 1380 1315 corporis

88 1331 122 1389 et
143 1321 312 1408 sanguinis
335 1317 467 1405 Christi,
490 1319 699 1388 adhortantes
722 1343 765 1389 ex
796 1334 890 1412 parte
922 1336 1068 1418 utraque,
1104 1328 1140 1396 ut
1175 1331 1380 1398 adinvicem

88 1426 291 1510 charitatem,
312 1423 467 1510 favorem,
489 1447 606 1513 pacem
628 1436 660 1493 et
691 1429 1061 1519 concordiamservent,
1095 1444 1131 1501 ιι
1150 1435 1193 1502 ad
1214 1436 1381 1524 proximos

86 1555 164 1601 suos
201 1541 233 1599 ιι
255 1531 419 1614 concives,
457 1531 593 1597 comiter
613 1539 647 1598 ιι
666 1532 882 1601 amicabiliter
903 1558 939 1602 se
961 1536 1147 1618 exhibeant,
1171 1541 1261 1606 sicut
1282 1548 1378 1608 antea

89 1637 213 1707 factum
233 1636 304 1715 fuit,
325 1622 391 1702 non
411 1636 588 1702 retinentes
606 1637 645 1702 in
668 1657 703 1702 se
724 1637 888 1705 occultum
911 1641 1073 1709 vindictae
1102 1643 1310 1711 desiderium.

173 1741 240 1808 Hic
271 1743 388 1807 iterum
419 1741 616 1827 agnoscitur,
648 1739 744 1828 quod,
777 1741 834 1808 ubi
867 1751 963 1810 antea
983 1748 1078 1813 annis
1100 1749 1375 1836 praecedentibus

85 1847 195 1917 omnis
231 1845 333 1913 ferme
355 1844 461 1912 clerus
495 1843 617 1933 ubique
645 1866 705 1933 per
736 1845 892 1913 ecclesias
927 1857 960 1915 ιι
992 1848 1115 1916 clerum
1147 1856 1244 1920 etiam
1278 1858 1381 1922 secuti

82 1953 163 2021 laici
199 1951 269 2017 sine
298 1951 490 2038 exceptione
511 1947 586 2015 illos
608 1948 855 2038 promulgarunt
884 1973 958 2018 esse
979 1953 1178 2040 aberrantes,
1200 1968 1379 2046 suspectos,

38 2126 42 2133 „
80 2056 286 2140 Piclxhartas,
308 2055 499 2138 haereticos,
521 2053 556 2120 hi
577 2075 700 2139 ornnes,
723 2056 1046 2143 praesertimclerioi,
1068 2063 1270 2147 praegressis
1292 2062 1380 2129 falsi·

81 2162 204 2250 loquiis
236 2162 304 2229 suis
341 2158 405 2225 sibi
437 2179 493 2225 ore
528 2159 659 2247 proprio
693 2157 959 2240 contradixerint,
993 2162 1190 2245 affirmantes
1222 2165 1304 2231 haee
1337 2167 1380 2234 ad

84 2265 308 2356 quaestionem
341 2263 637 2330 administratorum
659 2262 756 2329 dictis
788 2265 857 2358 suis
890 2265 1091 2356 subscriptis,
1115 2277 1148 2334 et
1179 2267 1381 2337 affirmarunt

86 2371 128 2438 de
158 2370 235 2455 illis,
269 2368 356 2456 quod
390 2366 431 2434 ad
455 2367 536 2434 haec
559 2366 700 2433 dicenda
720 2367 864 2434 omnium
900 2371 942 2438 sit
963 2371 1123 2441 voluntas.
1176 2372 1300 2441 Exules
1330 2373 1380 2441 illi

88 2475 183 2543 etiam
204 2476 239 2541 in
261 2475 323 2541 hae
346 2473 574 2565 communitate
595 2472 809 2558 insinuarunt,
823 2474 920 2563 ‚quod
955 2496 1022 2543 ιιι
1059 2479 1165 2544 solum
1195 2499 1254 2567 pro
1291 2488 1378 2564 ιιιιι,

84 2579 144 2647 sed
167 2581 264 2647 etiam
286 2583 383 2645 antea
404 2579 493 2643 omni
514 2585 660 2666 tempore
681 2579 716 2644 in
737 2578 803 2644 fide
835 2583 1129 2669 perseveraverint,
1152 2591 1186 2649 ιι
1214 2605 1381 2673 nunquam

82 2691 119 2756 in
141 2689 203 2756 hac
231 2684 391 2751 immutati
413 2684 543 2769 fuerint,
573 2684 657 2749 siout
690 2682 732 2749 de
753 2683 819 2750 illis
855 2692 1007 2752 testatam
1028 2685 1098 2753 fuis
1142 2687 1235 2755 Haec
1268 2711 1380 2758 omnes

79 2803 175 2884 grate
197 2791 366 2859 audientes
390 2799 612 2878 susceperunt,
635 2811 700 2856 neo
719 2788 804 2881 ullus
827 2789 926 2856 alicui
948 2791 1154 2858 contradixit.

164 2897 257 2964 Haec
290 2896 465 2962 ιιιιιιιιὶο
493 2895 539 2959 ita
565 2896 636 2982 jam
668 2893 867 2983 perfecisset
897 2895 1051 2962 conclusa
1087 2896 1252 2976 britnod
1281 2900 1380 2988 juxta

70 3001 236 3095 judicium
258 3001 424 3069 hominum
446 2999 637 3090 imperfecta
659 3009 691 3097 et
711 2998 910 3066 inconclusa.
942 2999 982 3066 In
1004 3001 1177 3069 multorum
1201 3004 1288 3068 enim
1311 3026 1379 3072 cor·

78 3107 177 3175 dibus
199 3115 357 3196 exparte
379 3113 516 3194 utraque
536 3103 646 3171 fervor
666 3103 799 3193 quidam
821 3104 966 3173 occultus
989 3128 1063 3172 eum
1085 3106 1193 3174 cordis
1226 3111 1378 3177 amaritu-

80 3213 159 3279 dine
181 3221 213 3279 et
234 3212 362 3296 duritie,
386 3213 479 3300 quasi
501 3209 695 3277 fermentum
716 3210 751 3275 in
773 3209 873 3277 fundo
894 3218 1104 3308 remanserat,
1127 3211 1279 3280 exulibus
1307 3217 1381 3304 qui·

79 3319 157 3385 dem
191 3319 232 3386 oh
254 3340 433 3385 moerorem
449 3319 652 3402 immensum,
675 3318 752 3406 quia
773 3339 848 3406 pars
871 3312 1010 3384 aduersa
1031 3319 1078 3383 eis
1099 3318 1220 3405 injuste
1258 3319 1381 3386 violen-

77 3428 158 3492 tiam
189 3446 341 3511 magnam
378 3431 411 3487 et
431 3423 528 3490 valde
549 3430 691 3489 atrocem
713 3422 785 3487 sine
806 3423 895 3488 omni
914 3444 1089 3512 praegraso
1112 3421 1230 3489 delicto
1251 3423 1380 3512 intulit3

79 3531 183 3597 altera
192 3551 270 3596 vero
282 3551 357 3618 pars
370 3527 507 3596 adversa
521 3549 650 3617 nempe,
663 3549 743 3616 quos
758 3533 868 3593 eorum
889 3528 1035 3615 magistri
1043 3534 1075 3593 et
1086 3528 1329 3595 concionatores
1345 3531 1381 3597 in

76 3633 287 3701 concionibus
298 3635 364 3700 suis
375 3642 486 3700 contra
495 3633 568 3701 illos
579 3631 690 3700 exules
703 3633 905 3699 concitarunt
918 3641 950 3699 et
970 3633 1005 3698 in
1016 3633 1168 3701 cordibus
1175 3657 1284 3703 eorum
1296 3637 1380 3725 odia,

76 3740 213 3806 dissidia
235 3749 268 3805 ιι
287 3740 427 3806 ιιιΙὶιὶιι
448 3742 557 3807 varias
567 3740 789 3807 instrumentis
812 3737 981 3804 diabolicis
1003 3737 1235 3826 implantarunt
1256 3750 1288 3808 et
1302 3726 1380 3809 irra-

78 3844 237 3930 dicarunt,
270 3845 355 3934 quod
378 3844 498 3912 malurn
519 3845 568 3912 illi
589 3844 784 3912 imbibentes
807 3843 951 3910 dolorem
972 3841 1079 3909 cordis
1103 3854 1282 3931 senserunt,
1295 3849 1382 3937 quod

77 3951 197 4032 omnia,
222 3973 305 4038 quae
327 3951 509 4034 voluerunt,
532 3951 689 4041 perficere
710 3972 776 4019 ιιι
798 3946 971 4040 potuerint,
994 3946 1112 4036 quibus
1134 3950 1285 4019 omnibus
1308 3975 1380 4020 ma-

76 4054 119 4120 lis
158 4055 446 4143 perseverantibus
468 4078 544 4144 spes
564 4055 655 4135 nulla
676 4055 808 4136 affulsit,
828 4062 865 4120 ut
886 4057 929 4120 e'x
950 4061 1086 4142 utraque
1107 4063 1200 4141 parte
1222 4055 1303 4123 haec
1332 4058 1380 4123 in·

77 4169 171 4227 terna
193 4159 299 4225 cordis
322 4160 501 4227 amaritudo
524 4159 661 4226 durante
682 4162 750 4228 vita
772 4181 883 4227 eorum
905 4165 1029 4241 cesset,¹
1045 4156 1149 4225 solum
1173 4160 1261 4227 enim
1274 4224 1276 4229 ,
1289 4170 1380 4228 tran·

76 4263 221 4353 quillitas
245 4273 276 4330 et
297 4266 439 4335 amicitia
462 4273 599 4332 externa
619 4265 799 4333 interillos
830 4262 1017 4363 apparebat.

164 4369 260 4452 Quod
281 4393 359 4437 vero
383 4371 464 4438 alios
487 4372 602 4439 exules
634 4373 809 4453 concernit,
832 4372 887 4459 qui
908 4372 943 4436 in
966 4368 1017 4434 his
1040 4367 1184 4437 dissidiis
1208 4392 1226 4437 e
1249 4370 1380 4438 civitate

78 4474 171 4540 exire
216 4484 248 4539 et
281 4473 362 4541 alibi
385 4474 550 4542 domiciha
572 4499 630 4543 sua
663 4499 828 4544 assumere
851 4476 1041 4561 debuerunt,
1065 4486 1098 4544 et
1118 4476 1308 4544 nominatim
1331 4497 1380 4542 se·

74 4587 213 4665 quantes
236 4588 325 4651 sunt:
347 4580 485 4647 Mathias
508 4581 666 4649 Kardinal
687 4582 796 4670 pellic,
832 4583 978 4650 Joannes
1010 4581 1184 4670 Potmebyl
1209 4580 1378 4669 pannifex,

76 4683 220 4756 Joannes
256 4685 378 4773 Bonus,
415 4695 448 4756 ct
469 4687 622 4775 Joannes,
660 4690 716 4777 qui
737 4691 826 4756 nuno
846 4686 1023 4756 Brundusii
1046 4686 1153 4756 scriba
1189 4693 1248 4772 est,
1271 4693 1304 4752 et
1323 4685 1381 4752 alii
