2948 5040
140 166 204 237 114
232 174 235 181 '

19 419 21 425 Ι
133 325 290 418 familiae
310 356 375 400 non
397 332 642 422 prohibeantur,
690 331 863 398 dummodo
893 328 1013 395 similia
1033 327 1112 427 fiant
1146 331 1216 397 sine
1257 328 1427 396 additione

134 439 336 528 quorundam
374 460 416 503 ex
446 438 578 525 proprio
605 434 732 524 judicio
769 443 802 500 et
834 434 1050 522 explicatione
1072 441 1127 501 aut
1148 434 1429 522 interpretatione.

222 543 324 628 Item3
361 541 448 629 quod
489 540 656 608 concernit
685 538 903 607 ordinationes
937 527 1138 605 sacerdotum
1172 546 1204 604 et
1235 538 1431 609 clericorum

136 648 290 716 scholast
268 659 403 714 trcorum
424 655 558 734 propter
580 651 723 709 sanctam
747 642 844 709 fidem
867 644 1085 721 christianam,
1107 630 1144 708 ιιι
1164 642 1245 708 tales
1268 641 1431 707 sufficien

138 763 187 819 tes
208 752 320 819 haberi
356 753 490 840 possint,
527 749 625 815 Suam
654 747 792 834 Regiam
826 748 1030 836 Majestatem
1064 747 1261 821 unanimiter
1298 740 1430 834 precari

136 857 294 939 volumus,
330 864 367 921 ut
389 855 455 922 Sua
476 854 629 942 Majestas
663 853 748 918 hano
782 854 918 940 gratiam
950 850 1036 940 apud
1072 850 1193 917 Sedem
1215 851 1429 962 apostolicam

133 963 332 1051 impetret,
326 970 362 1027 ut
394 960 504 1025 clerici
526 950 709 1025 scholastici
745 959 828 1023 sicut
858 957 1045 1023 sacerdotes
1067 953 1128 1022 sub
1151 978 1215 1023 una
1237 965 1270 1021 οι
1290 966 1431 1043 utraque

134 1069 243 1169 specie
264 1067 538 1137 communicantes
560 1062 601 1129 ab
623 1063 876 1152 archiepiscopis
898 1074 930 1128 et
953 1062 1115 1150 episcopis
1147 1059 1348 1126 ordinentur.
1373 1061 1429 1125 At-

135 1194 198 1260 que
220 1171 326 1259 quoad
351 1170 520 1252 haec,ut
507 1168 607 1234 tSua
628 1168 782 1256 Majestas
804 1167 908 1254 Regia
938 1188 1045 1235 moras
1075 1163 1132 1230 diu
1152 1165 1342 1252 protrahere
1366 1186 1428 1230 non

93 1306 115 1323 ··
137 1275 297 1362 dignetur.
1002 1330 1005 1335 .

219 1378 302 1444 Item
323 1378 386 1443 hoc
407 1375 614 1443 etiamSuam
636 1374 841 1465 Majestatem
864 1375 1000 1462 Regiam
1022 1376 1167 1442 universi
1189 1342 1318 1464 precari
1337 1373 1426 1440 volu·

135 1506 217 1567 mus,
249 1490 286 1548 ιιι
313 1481 373 1546 has
407 1488 531 1547 nostras
564 1481 710 1557 uniones,
746 1478 952 1564 concordias,
986 1482 1107 1567 gratias
1144 1489 1176 1546 et
1209 1480 1429 1549 christianam

136 1588 325 1661 charitatem
359 1584 549 1657 confirmare
584 1583 780 1669 dignaretur,
814 1584 909 1651 simul
944 1586 1041 1650 etiam
1078 1585 1165 1672 apud
1199 1583 1423 1672 Apostolicam

138 1691 258 1758 Sedem
281 1690 343 1755 hoc
365 1689 493 1777 efficere
516 1689 675 1777 dignetur,
702 1696 738 1754 ut
758 1711 861 1776 aeque
883 1689 963 1755 haec
986 1691 1094 1755 omnia
1116 1687 1358 1771 confirmentur,
1396 1696 1429 1752 ut

136 1798 171 1861 in
193 1795 244 1860 his
267 1792 416 1881 omnibns
450 1793 521 1857 sine
540 1792 777 1880 interruptione
811 1803 844 1859 et
864 1794 1086 1861 immutatione
1122 1792 1342 1859 immobiliter
1359 1810 1428 1880 per·

136 1901 251 1965 sistere
272 1899 444 1986 possimus,
483 1906 516 1961 et
548 1897 583 1961 in
605 1898 729 1962 cunctis
762 1920 836 1963 oum
858 1899 963 1984 gratia
998 1898 1109 1964 divina
1131 1899 1330 1980 conservam,
1370 1918 1426 1985 pro

136 2002 461 2069 consolatione-Suae
484 2001 605 2088 Regiae
627 2002 817 2090 Majestatis,
841 2025 880 2068 ac
902 2001 1078 2069 obtinenda
1100 2024 1138 2067 ac
1159 2001 1333 2068 retinenda
1349 2003 1432 2066 inter

136 2129 196 2173 nos
217 2109 252 2172 in
272 2108 425 2174 universo
447 2127 548 2191 regno
572 2115 684 2171 sancta
704 2128 835 2194 panae
838 2115 1043 2192 taugmento
1065 2105 1144 2172 boni
1165 2106 1359 2171 communis.

221 2211 323 2298 Item3
346 2211 431 2317 quod
454 2210 650 2275 Pickhartas
673 2213 796 2288 attinet,
817 2212 852 2275 in
873 2211 935 2278 hoc
958 2213 1168 2277 convenimus
1202 2231 1315 2276 omnes
1350 2233 1432 2276 una·

136 2315 323 2398 nimiter,u
302 2326 470 2381 uteorum
493 2316 669 2380 conciones
692 2323 724 2380 et
739 2315 899 2402 dogmata
926 2314 1142 2399 inhibeantur,
1172 2313 1301 2396 illorum
1324 2325 1432 2381 coetus

138 2419 321 2501 etconcilia
336 2419 557 2500 occludentur,
583 2419 889 2506 etimpediantur,t
876 2419 1000 2485 tamdiu
1022 2420 1125 2486 donec
1148 2420 1228 2485 haec
1249 2440 1303 2483 res
1325 2427 1431 2487 nostra

136 2523 221 2589 inter
242 2546 301 2589 nos
319 2532 523 2612 pertractata,
547 2533 578 2588 et
565 2522 784 2589 tconcordata
803 2545 863 2611 per
881 2525 1017 2610 Regiam
1026 2525 1239 2647 MaJestatem,
1256 2524 1430 2615 Dominum

136 2614 286 2692 nostrum
295 2628 572 2715 Gratiosissimum
584 2627 781 2711 confirmata,
795 2639 826 2692 et
838 2630 872 2693 in
884 2629 947 2695 hac
959 2632 1154 2715 emersione,
1166 2641 1342 2723 utsupra
1324 2610 1431 2702 scribi·

121 2741 198 2815 -tur,
215 2706 581 2822 constitrtaetperfecta
591 2734 696 2799 fuerit.
708 2733 885 2821 Postquam
896 2743 1004 2800 autem
1015 2757 1067 2801 res
1079 2734 1136 2800 illa
1158 2712 1430 2809 confirmationem

137 2858 231 2902 suam
266 2840 435 2926 pertigerit
456 2847 488 2904 et
521 2840 694 2904 terminata
715 2837 829 2920 fuerit,
863 2847 939 2905 tunc
974 2862 1051 2927 pars
1086 2839 1221 2928 utraqrie
1255 2841 1432 2929 aequaliter

139 2963 212 3007 cum
234 2941 300 3007 Sua
321 2942 491 3031 Majestate
513 2943 617 3029 Regia
638 2942 680 3006 de
703 2941 753 3006 his
775 2941 872 3007 rebus
895 2951 980 3030 aget,
1003 2945 1037 3008 in
1060 2944 1177 3031 quibus
1212 2944 1351 3012 ulterius
1382 2966 1431 3011 res

138 3044 453 3130 Pickhartarum,et
420 3045 635 3133 equomodo
658 3044 835 3111 subsistere
857 3045 998 3113 debeant
1021 3048 1092 3112 sine
1114 3047 1334 3116 destructione
1368 3030 1426 3117 hoss

138 3169 210 3214 rum
231 3149 414 3233 fundorum,
438 3148 556 3237 quibus
587 3147 751 3213 suberunt

224 3253 317 3318 Finis
339 3253 453 3318 horum
476 3251 678 3317 comitiorum
701 3250 742 3316 de
764 3251 862 3318 rebus
883 3252 1158 3320 clericalibust
1125 3262 1158 3320 et
1190 3224 1430 3323 ecclesiasticis

192 3356 344 3422 Nihil
334 3380 368 3421 m
393 3356 443 3421 his
465 3355 640 3420 articulis
631 3358 756 3422 invenit
757 3378 804 3439 ur,
828 3359 915 3444 quod
937 3359 1195 3428 consideratione
1222 3385 1289 3429 non
1295 3369 1428 3450 egeret,

140 3484 236 3550 quam
267 3469 375 3526 autem
397 3461 473 3526 aliis¹
499 3461 675 3537 committo,
708 3462 769 3526 hoc
790 3460 894 3526 solum
917 3462 1052 3550 quilibet
1071 3465 1252 3552 perpendat
1274 3476 1306 3532 et
1328 3467 1430 3534 discu-

140 3568 209 3648 tiat,
232 3587 350 3653 nempe
382 3565 603 3631 diversitatem
634 3566 719 3629 inter
748 3566 878 3632 comitia
905 3569 1133 3655 praecedentia
1162 3571 1248 3636 circa
1276 3560 1430 3638 Purifica-

96 3694 98 3698 ·
138 3670 236 3733 tionis
259 3668 346 3734 diem
368 3670 446 3734 anni
479 3668 565 3736 1524
588 3678 620 3733 et
642 3668 772 3734 comitia
805 3672 999 3758 praesentia,
1024 3695 1106 3760 quae
1128 3670 1185 3758 ibi,
1208 3684 1240 3762 et
1262 3696 1348 3763 quae
1371 3675 1429 3759 hic,

140 3773 247 3836 omnia
269 3772 319 3837 his
343 3773 504 3838 contraria
539 3771 729 3858 agebantur,
765 3775 901 3861 inspice,
925 3797 1103 3861 quaecum
1126 3779 1267 3843 invicem
1301 3801 1429 3846 concor·

141 3875 227 3940 dent.
250 3875 312 3940 Illa
334 3878 421 3941 enim
444 3885 493 3940 est
514 3898 567 3942 res
589 3876 729 3942 finaliter
751 3890 837 3960 nota,
861 3879 1024 3965 quietam
1058 3866 1135 3966 hie,
1163 3905 1258 3970 quam
1280 3883 1328 3950 ibi
1360 3906 1429 3950 con·

143 3978 298 4044 comebat
331 3987 363 4045 et
385 3979 543 4066 agebatur
565 3980 605 4045 de
627 3981 725 4046 rebus
757 3980 986 4048 ecclesiasticis
1014 3986 1111 4072 juxta
1142 3987 1248 4075 legem
1281 3987 1348 4052 Dei
1386 4010 1430 4054 or·

73 4126 76 4131 >
141 4082 261 4147 dicatis
296 4092 329 4148 et
349 4085 420 4148 sine
442 4084 612 4150 discordiis
634 4085 681 4150 ibi
703 4087 811 4151 omnia
844 4076 1032 4174 agebantur.
1064 4090 1140 4156 Hic
1172 4113 1250 4157 vero
1286 4092 1322 4157 in
1360 4114 1430 4158 con·

141 4188 276 4252 trarium
297 4187 349 4252 his
372 4187 530 4272 omnibus,
569 4189 666 4254 etiam
703 4190 754 4255 his
776 4193 934 4278 personis,
959 4195 1013 4280 qui
1046 4192 1166 4261 factum
1203 4195 1266 4260 hoc
1303 4195 1430 4261 conclu·

142 4299 262 4374 serunt,
285 4300 359 4357 acta
382 4301 457 4357 sunt
477 4289 572 4380 prout
594 4293 690 4381 hujus
716 4303 816 4359 testes
851 4306 883 4360 et
904 4307 1126 4385 argumentum
1149 4298 1211 4365 hoc
1233 4299 1430 4366 demonstra

140 4402 266 4477 verunt,
290 4395 375 4482 quod
398 4395 491 4460 multi
513 4405 589 4461 tunc
613 4397 721 4461 statim
744 4400 936 4486 optaverint,
959 4409 995 4466 ut
1016 4424 1112 4467 omne
1134 4402 1225 4488 illud,
1248 4402 1336 4492 quod
1359 4429 1429 4473 ocu·

141 4496 191 4563 los
213 4498 401 4582 offenderet,
433 4500 586 4565 irritetur.
631 4499 667 4566 Si
689 4502 799 4589 itaque
836 4503 1062 4571 observaveris
1101 4508 1209 4572 omnia
1240 4509 1276 4573 in
1298 4509 1362 4576 hoc
1385 4532 1430 4576 sc·

141 4599 247 4667 cundo
265 4611 412 4687 tractatu,
436 4603 584 4670 invenies
605 4606 692 4671 inter
713 4606 793 4672 alias
820 4607 1024 4676 diversitates
1040 4619 1073 4676 et
1097 4599 1317 4679 deformitates
1334 4616 1430 4681 etiam

140 4703 245 4773 hanc:
269 4706 355 4795 quod
377 4728 490 4776 omnes
511 4709 561 4774 illi
582 4717 707 4777 actores
730 4710 998 4783 christianitatem
1021 4737 1112 4785 suam
1144 4715 1366 4786 fundaverunt
1398 4718 1430 4784 in
