2948 5040
1286 151 1359 261 3,

53 371 165 431 sutem
187 362 342 448 obtinere,
365 385 427 430 nec
441 363 528 451 apud
543 344 665 451 regem,
688 376 750 428 nac
766 363 947 452 principem
950 342 1115 430 Ceuclum
1131 363 1350 452 capitaneum

54 469 136 536 Post
158 468 349 535 discessum
359 468 491 535 tandem
523 471 611 555 regis
632 484 703 538 nec
733 467 821 561 apud
852 466 1057 552 magistros
1046 490 1083 533 ιιι
1104 466 1253 566 collegio,
1288 480 1353 535 nee

54 576 91 642 in
113 575 205 640 curia
227 584 337 640 coram
359 572 579 659 Progensibus
611 562 660 637 illi
694 571 838 658 parochi,
876 585 983 662 neque
1015 570 1102 638 ullus
1131 572 1215 639 ι11ιι
1237 575 1354 640 contro

53 679 188 746 eosdem
210 685 431 745 accusatorem
454 699 552 765 agere
575 685 607 742 et
630 676 789 764 quaedam
815 684 928 741 contra
950 675 1024 742 illos
1039 675 1220 769 producere
1254 676 1353 744 ausus

53 785 125 851 huit.
170 782 232 849 Hi
229 783 346 869 itaque
369 805 492 860 omnes,
515 805 634 870 nempe
654 804 727 865 rex,
750 781 904 869 princeps
927 803 1097 848 successor
1116 784 1218 884 regie,
1250 781 1359 849 admi·

55 888 210 955 nistrator
232 908 306 952 cum
328 888 529 989 consistorio,
559 908 666 976 neque
697 885 921 973 Pragensesp
912 885 1104 971 udicarunt,
1141 904 1249 975 neque
1272 906 1362 955 ccu-¹

58 994 255 1060 demnarunt
276 992 358 1058 illos
394 1015 452 1080 pro
483 991 726 1076 seductoribus,
763 1013 825 1057 nec
863 991 939 1058 ullis
960 991 1125 1080 perversis
1155 988 1350 1089 hominibus,

57 1096 177 1188 quibus
199 1106 309 1164 tamen
332 1106 461 1186 compet
448 1096 537 1162 tebet
564 1096 656 1162 illud
668 1117 837 1184 peragere,
874 1099 903 1160 si
931 1095 1042 1184 aliqua
1072 1104 1185 1168 contra
1218 1094 1352 1172 eosdem

59 1205 183 1292 injusta
204 1202 395 1269 habuissent
417 1211 450 1266 et
472 1203 654 1284 scivissent,
676 1223 743 1266 non
764 1222 842 1266 vero
864 1200 977 1288 plebi3
1000 1200 1050 1266 illi
1073 1201 1161 1266 euim
1182 1202 1270 1288 ipsos
1294 1198 1356 1279 sub

57 1315 219 1395 potestate
243 1328 302 1370 ιιιι
324 1305 507 1373 habuerant
526 1315 614 1389 tunc,
645 1303 776 1393 quando
798 1304 903 1370 audiri
925 1302 1121 1392 petiverunt,
1142 1300 1202 1371 sed
1222 1304 1369 1373 interim·

61 1412 136 1480 illos
167 1410 304 1499 pacifice
338 1433 382 1477 ex
403 1410 500 1478 civita
502 1420 533 1475 te
502 1409 764 1477 tdimiserunt
809 1409 853 1474 Et
875 1402 984 1473 dum
970 1431 1041 1496 Jam
1065 1410 1254 1494 exivissem,
1288 1419 1362 1476 tum

60 1519 167 1639 primo
189 1515 263 1583 111οι
286 1516 361 1583 1ιίιί
383 1527 416 1584 et
438 1516 549 1582 clerici
572 1524 844 1604 contempserunt,
878 1536 937 1602 pro
961 1514 1105 1580 erroneis
1128 1523 1161 1579 et
1183 1513 1370 1580 haereticis.

53 1621 255 1704 Judioarust,
275 1620 362 1708 apud
384 1620 546 1710 plebem
536 1644 572 1687 ιιι
602 1642 713 1686 eorum
742 1618 891 1685 absentia
921 1640 1039 1685 exosos
1061 1618 1283 1704 reddiderunt,
1322 1617 1357 1686 id
1419 1688 1423 1701 ,

58 1728 165 1813 magis
189 1748 232 1792 ex
254 1725 354 1791 malit
332 1734 386 1810 ιιι,
411 1747 509 1814 qnam
531 1748 574 1791 ex
597 1747 696 1790 causa
717 1723 858 1809 aliqua
844 1745 899 1813 Jus
902 1731 1093 1809 taagentes.
1119 1723 1163 1790 Et
1177 1723 1262 1790 dum
1279 1724 1354 1812 quis

58 1831 197 1897 honeste
217 1853 255 1897 se
276 1830 342 1895 illis
366 1832 527 1918 opposuit,
551 1830 613 1896 hoc
634 1829 700 1895 illis
723 1839 789 1894 tam
812 1835 1017 1915 gratumt
955 1827 1025 1912 fuit,
1040 1829 1135 1895 sicut
1153 1830 1357 1896 exorcismus

61 1937 231 2024 serpenti.
235 1929 422 2021 Adeoque
445 1933 552 1999 nullus
576 1932 617 1999 de
640 1931 735 2020 culpa
756 1931 886 1998 illorum
909 1917 1015 2014 scivit,
1035 1954 1140 2020 usque
1154 1932 1260 2021 primo
1283 1940 1361 2022 post

60 2063 172 2109 eorum
203 2039 392 2106 discessum
446 2037 539 2104 Sicut
571 2060 649 2106 vero
678 2037 862 2125 Progenses
889 2047 923 2104 et
955 2040 1181 2107 consistorium
1212 2063 1250 2107 se
1278 2060 1359 2128 erga

58 2147 136 2213 illos‘
155 2144 342 2212 sacerdotes
366 2154 522 2230 gesserat
545 2145 591 2209 ita
612 2151 726 2231 postea
747 2165 783 2209 se
806 2153 979 2239 gesserunt
1001 2167 1079 2234 erga
1101 2144 1190 2212 cives
1213 2145 1255 2213 de
1269 2145 1357 2212 urbe

61 2251 222 2334 dimissos,
245 2258 281 2314 ut
304 2247 467 2316 scribitur

149 2353 306 2443 Dixit
250 2363 306 2419 ant
308 2376 356 2437 ea,
395 2353 482 2442 quod
504 2352 585 2419 illud
616 2351 792 2440 plurimum
814 2375 857 2418 ex
879 2354 1003 2422 malitia
1023 2357 1168 2443 egerint3
1204 2378 1280 2421 nam
1303 2375 1357 2421 ss·

68 2438 180 2525 cordos
202 2458 259 2525 ille
280 2459 449 2541 Martinus,
480 2457 556 2550 licet
564 2457 748 2524 veritatem
769 2466 892 2523 rectam
925 2459 1007 2547 legis
1041 2460 1204 2528 divinae
1194 2484 1229 2525 ιιι
1251 2461 1358 2527 conci·

60 2563 177 2631 onibus
201 2563 268 2629 suis
290 2573 364 2650 prot
351 2563 470 2645 tulerit,
449 2565 558 2628 tet
548 2586 583 2628 m
599 2562 650 2628 his
674 2585 748 2629 eum
770 2564 878 2630 nullus
893 2587 1047 2654 superare
1062 2568 1222 2657 potuerit3
1245 2574 1360 2633 verum

57 2667 332 2756 illa1tempestive
361 2689 427 2733 non
460 2612 579 2751 docuit,
556 2665 666 2733 tsed
699 2666 805 2735 subito
836 2672 950 2757 erupit,
989 2672 1127 2760 ideoque
1158 2671 1241 2739 illud
1272 2669 1360 2760 apud

58 2772 178 2839 multos
200 2773 235 2837 in
264 2772 386 2837 malum
408 2781 441 2836 et
470 2773 564 2859 quasi
592 2793 754 2838 venenum
788 2794 980 2840 conversum
1001 2775 1072 2860 fuit,
1107 2799 1179 2842 cum
1213 2775 1360 2843 consueti

58 2879 114 2968 his·
132 2878 224 2965 prius
242 2898 313 2943 non
333 2876 461 2942 fuerint
496 2877 596 2942 Potus
620 2877 704 2944 enim
729 2877 870 2964 quidam,
894 2882 1042 2965 quamvis
1066 2883 1144 2947 satis
1168 2884 1360 2970 exquisitus,

59 2970 137 3048 dum
161 2981 339 3069 porrigitur
367 2980 504 3047 infirmis
535 2988 627 3046 extra
656 2990 784 3071 tempus
807 2982 964 3069 debitum,
996 2995 1108 3053 contm
1144 2986 1361 3054 ventriculum

58 3086 284 3153 inconsuetum
307 3093 363 3150 aut
384 3106 450 3150 non
471 3085 698 3171 assuefactum,
715 3087 773 3152 vix
793 3085 933 3154 fructum
957 3089 1090 3174 adferet,
1113 3100 1189 3157 nam
1202 3093 1360 3158 vomitum

59 3193 170 3262 subire
193 3191 374 3278 debebunt3
408 3180 518 3282 plures
543 3195 640 3260 etiem
661 3194 781 3261 infirmi
811 3196 894 3262 tales
923 3197 1094 3285 praetiosis
1118 3204 1150 3261 et
1170 3197 1359 3284 pharmaco·

58 3321 142 3389 paea
163 3296 333 3364 medicinis
357 3307 542 3383 enecantur,
579 3322 676 3387 quam
700 3309 864 3367 ιιιιιιιιιιι.
909 3298 993 3366 Oum
1016 3323 1093 3388 ergo
1128 3300 1281 3369 sacerdos
1303 3300 1361 3368 ille

61 3404 222 3474 Martinus
256 3403 385 3488 saepius
416 3406 450 3468 in
480 3403 691 3473 concionibus
722 3407 788 3471 suis
818 3408 1023 3495 proposuerit
1056 3407 1216 3494 quaedam
1246 3420 1361 3474 secun·

61 3510 141 3575 dum
168 3516 293 3574 rectum
329 3507 448 3596 dogma
471 3507 593 3575 Christi
622 3519 751 3598 praeter
785 3512 1051 3578 consuetudinem
1081 3513 1261 3598 hominum,
1294 3532 1360 3579 non

62 3613 237 3681 advertens
270 3612 507 3697 inclinationes,
540 3635 635 3701 quem
665 3613 806 3700 modum,
837 3619 986 3705 quamvis
1019 3627 1143 3687 rectum
1166 3628 1199 3684 et
1224 3620 1359 3706 justum,

61 3723 306 3797 administrator
338 3742 411 3786 cum
443 3719 516 3785 aliis
553 3718 659 3785 eidem
688 3741 753 3786 non
784 3718 940 3787 favebant
973 3721 1050 3810 (hoc
1081 3724 1168 3787 enim
1200 3723 1234 3788 in
1271 3722 1363 3789 curia

59 3828 99 3894 de
122 3827 179 3894 illo
201 3828 307 3915 fassus
329 3826 399 3909 fuit,
431 3823 517 3913 quod
541 3845 677 3890 errones
709 3846 775 3890 non
798 3825 911 3915 dicat),
935 3850 977 3893 ex
999 3829 1060 3894 hac
1082 3850 1180 3895 causa
1211 3829 1297 3895 inter
1324 3847 1361 3895 se

29 3924 31 3929 ¹
59 3932 213 3999 contrarii
244 3932 376 3997 fuerunt
411 3939 443 3995 et
470 3931 505 3995 in
538 3929 680 3996 furerem
714 3931 877 3997 concitati.
920 3933 1013 3999 Lai'ci
1037 3932 1168 3999 tandem
1190 3932 1241 3998 his
1263 3933 1362 3999 etism

58 4046 276 4119 accesserunt,
308 4035 412 4102 donec
443 4052 555 4101 rumor
587 4035 718 4102 tandem
752 4045 784 4101 et
805 4036 959 4102 tumultus
983 4040 1017 4102 in
1040 4040 1269 4104 communitate
1299 4038 1361 4105 orti

58 4141 217 4227 fuissent3
241 4143 317 4208 dum
341 4144 428 4206 enim
450 4139 623 4228 superbus.
648 4151 697 4206 est
720 4150 752 4206 et
781 4142 935 4223 insolens,
973 4153 1004 4206 et
1037 4142 1118 4207 alter
1140 4164 1206 4209 non
1229 4142 1359 4227 cedens,

58 4269 131 4313 raro
153 4238 188 4312 in
209 4270 274 4312 uno
299 4245 475 4312 subsistent
497 4245 633 4313 stabulo.
676 4245 756 4311 Post
786 4245 918 4334 aliquod
951 4268 1029 4313 vero
1048 4247 1199 4336 elapsum
1234 4256 1362 4336 tempus

58 4351 211 4418 sacerdos
233 4351 390 4416 Martinus
413 4351 507 4415 inivit
530 4351 779 4433 matrimonium,
815 4359 846 4415 et
867 4349 1033 4440 deponens
1057 4353 1247 4420 clericatum
1269 4352 1361 4420 habi·

59 4457 141 4523 tevit
162 4459 196 4521 in
220 4455 347 4521 domo
338 4455 477 4521 1nNova
499 4455 629 4521 civitate
651 4464 724 4542 post
754 4454 896 4541 Regino·
898 4455 1099 4523 Hradecium
1134 4457 1194 4524 sub
1217 4457 1361 4525 dominio

56 4560 100 4627 D
122 4560 167 4624 D.
199 4557 336 4626 Joannis
360 4539 547 4644 Cernbicky
570 4558 611 4624 de
634 4559 766 4641 Κιιοιι,
790 4558 837 4625 ibi
859 4559 1010 4627 habitans
1034 4561 1200 4648 opificium
1225 4561 1362 4629 textoris

59 4664 217 4750 exercuit,
239 4675 271 4730 et
293 4665 373 4733 ι11ιι
395 4663 639 4750 negotiationes,
663 4673 699 4729 ut
720 4664 828 4730 incola
849 4664 939 4732 alius
