2948 5040
1283 150 1352 237 m

126 336 220 403 ltem
242 328 404 404 c'redimus
426 335 524 402 corde
556 344 590 402 et
626 358 682 402 ore
704 333 903 424 profitemur,
934 335 1021 424 quod
1042 344 1079 403 ut
1112 335 1227 404 fideles
1260 318 1350 406 chri-⁵

52 441 152 506 stiani
184 458 244 507 nos
275 441 412 509 adorare
446 439 622 507 debeamus
644 441 822 507 Dominum
854 447 1001 507 nostrum
1033 440 1147 508 Jesum
1172 440 1349 529 Christum,

50 547 246 633 utpotequi
277 547 313 611 in
345 556 549 614 sacramento
577 545 702 612 visibili
733 567 830 611 verus
864 545 956 612 Deus
990 555 1049 630 est,
1084 568 1158 613 eum
1180 547 1350 634 honorare,

50 672 169 739 preces
201 650 244 715 ad
277 671 349 716 eum
382 652 540 736 fundere,
585 648 826 716 sanctissimum
860 651 930 738 ejus
963 672 1081 738 corpus
1112 653 1209 717 etiam
1244 655 1287 719 sit
1316 654 1352 719 in

51 754 149 820 altari
170 755 205 818 in
226 757 439 820 monstrantia
461 755 650 821 adoratione
672 753 794 819 clarum
831 763 865 820 et
882 753 955 819 aliis
987 755 1105 821 ritibus
1140 754 1284 822 honestis
1318 766 1353 823 et

52 858 175 924 debitis
196 859 428 943 venerandum,
458 861 494 925 in
516 859 647 925 laudem
682 860 752 947 ejus
776 860 818 925 sit
851 857 1047 926 cantandum
1076 862 1163 927 etei
1185 860 1350 928 deomni·

54 963 309 1030 bustbeneficiis
333 966 453 1049 gratias
477 964 669 1050 agendum(

142 1067 225 1133 Item
248 1068 410 1134 credimus
433 1069 530 1135 corde
553 1079 586 1135 et
621 1090 676 1134 ore
709 1064 907 1152 profitemur,
944 1090 1016 1134 esse
1040 1077 1166 1156 septem
1192 1056 1353 1136 ecclesiae

56 1181 190 1238 sanctae
228 1183 447 1258 sacramenta,
484 1196 603 1262 nempe
643 1172 843 1261 baptismus,
895 1172 1111 1257 confirmatio,
1143 1175 1353 1261 poenitentia,
1431 1214 1437 1221 -

55 1287 292 1344 sacramentum
324 1280 569 1363 Eucharistiae,
608 1301 726 1366 nempe
759 1279 903 1364 corporis
938 1286 970 1343 et
1017 1279 1183 1365 sanguinis
1218 1277 1352 1365 Christi,

55 1383 147 1465 ordo,
172 1392 316 1447 extrema
327 1386 438 1450 unctio
462 1393 494 1450 et
515 1384 765 1450 matrimonium.
809 1381 902 1463 Qtrae
924 1392 1129 1449 sacramenta
1152 1393 1227 1450 sunt
1249 1385 1354 1452 medi·

56 1488 153 1553 cinae
175 1487 425 1555 christianorum
447 1512 467 1554 a
488 1490 561 1554 Deo
584 1490 731 1554 instituta
765 1490 799 1553 iu
821 1487 979 1553 auxilinm
1002 1510 1061 1576 pro
1085 1487 1264 1556 obtinenda
1283 1490 1352 1556 vita

58 1600 203 1657 aeterna.

144 1695 227 1761 Item
250 1696 421 1782 credimus,
444 1697 531 1785 quod
547 1697 709 1763 confessio
731 1697 990 1764 asacerdotibus
1014 1697 1209 1786 excipienda
1230 1700 1274 1764 sit
1294 1721 1354 1789 pro

57 1800 261 1890 injungenda
283 1804 491 1889 poenitentia.

144 1906 227 1971 Item
260 1908 422 1972 credimus
456 1906 553 1973 corde
588 1916 621 1972 et
656 1929 711 1972 ore
742 1906 940 1994 profitemur,
978 1907 1065 1994 quod
1095 1908 1197 1972 oratio
1230 1907 1264 1973 in
1293 1908 1356 1975 hnc

58 2012 181 2078 mundo
215 2020 247 2076 et
268 2013 302 2077 in
324 2014 392 2077 vita
413 2011 455 2076 ad
479 2011 645 2077 Christum
668 2013 846 2077 Dominum
878 2035 938 2101 pro
971 2011 1093 2077 auxilio
1124 2011 1195 2076 fieri
1217 2013 1354 2101 debeat3

59 2128 93 2182 et
113 2116 201 2204 quod
224 2116 309 2181 hanc
330 2117 428 2181 fidem
453 2138 508 2182 ore
541 2116 759 2204 profiteamur,
783 2116 881 2182 corde
915 2116 1095 2199 credamus,
1120 2124 1153 2180 et
1181 2127 1283 2183 ratem
1316 2142 1355 2186 ao

54 2230 185 2307 gratam
220 2220 405 2285 habeamus.
449 2219 545 2301 Quod
582 2221 610 2284 si
643 2243 723 2286 vero
756 2220 883 2308 aliquid
906 2232 1021 2286 contra
1044 2222 1128 2288 hano
1158 2223 1256 2290 fidem
1279 2246 1350 2312 pro·

64 2324 181 2389 lessam
201 2325 303 2393 verbo
326 2324 526 2406 scandaloso,
554 2334 609 2390 aut
631 2347 729 2413 opere
756 2327 1023 2410 commiserimus,
1055 2327 1109 2394 vel
1131 2328 1226 2393 aliter
1247 2350 1355 2396 serva·

65 2430 214 2513 verinus,
252 2429 485 2495 crediderImus
515 2439 571 2495 aut
592 2432 716 2518 operati
737 2430 903 2514 fuerimus,
938 2441 1006 2496 tum
1036 2433 1207 2520 nosipsos
1230 2433 1392 2524 adjudi·‹

62 2556 183 2618 camus,
204 2544 240 2600 nt
260 2536 295 2599 in
309 2557 369 2600 nos
385 2535 671 2618 animadvertatur,
696 2536 779 2600 sicut
800 2536 834 2599 in
851 2538 999 2604 homines
1011 2537 1170 2622 infideles,
1193 2561 1254 2605 nec
1268 2539 1354 2609 ullae

60 2639 313 2707 intercessiones
336 2640 432 2709 nobis
454 2642 612 2707 auxilium
633 2640 774 2729 amplius
797 2641 1007 2731 suppeditare
1028 2644 1164 2732 possint

605 2840 753 2909 OAPUT
777 2842 827 2910 11.

60 3020 100 3083 In
123 3039 186 3105 qno
206 3028 334 3096 notatur,
358 3023 437 3099 qnod
459 3028 592 3098 tempore
614 3022 786 3102 Rokyczeni
817 3041 911 3100 aeque
932 3023 989 3083 hoc
1011 3024 1099 3083 modo
1120 3022 1230 3083 factum
1253 3022 1356 3099 luerit,

63 3114 100 3169 et'
116 3106 253 3169 Czshera
273 3110 350 3168 hano
372 3108 599 3169 instructionem
622 3112 659 3168 ab
683 3111 787 3169 eodem
817 3110 985 3188 acceperit3
1017 3118 1088 3188 post
1118 3112 1194 3170 hanc
1215 3109 1355 3189 professi·

62 3216 150 3257 onem
172 3204 203 3255 et
221 3197 460 3266 instructionem,
491 3197 571 3271 quod
593 3196 817 3256 administrator
846 3198 915 3256 illos
938 3197 971 3254 in
994 3197 1183 3257 concionibus
1215 3197 1277 3257 suis
1300 3215 1355 3276 pro

62 3285 144 3344 veris
172 3283 346 3344 christianis
369 3283 611 3363 promulgaverit,
640 3292 710 3361 post
732 3284 872 3362 exiguum
896 3295 1013 3362 tempus
1044 3305 1115 3344 vero
1138 3285 1201 3345 illis
1231 3285 1357 3364 turpiter

448 3379 478 3429 et
499 3372 710 3431 contumeliose
732 3371 849 3432 locutus
872 3371 971 3431 luerit.

150 3484 287 3551 Articuli
320 3487 531 3575 suprascripti
564 3486 726 3574 desumpti
761 3495 836 3552 sunt
869 3510 912 3553 ex
957 3488 1085 3576 scriptis
1119 3489 1267 3576 magistri
1296 3487 1355 3555 Jo-

64 3589 159 3655 aunis
191 3588 371 3680 Rckyrani,
409 3613 492 3679 quae
526 3592 719 3678 conscripsit
752 3613 826 3656 cum
859 3593 931 3656 aliis
965 3592 1095 3658 clericis
1125 3591 1357 3679 Pragensibus,

63 3693 183 3782 quibus
205 3695 325 3761 multos
346 3695 450 3762 bonos
474 3698 562 3762 cives
594 3696 713 3762 afflixit
734 3704 880 3784 tempore
913 3698 1001 3783 regis
1024 3698 1168 3784 Georgii,
1199 3707 1235 3763 ut
1267 3701 1357 3764 inve·

62 3801 153 3865 nitur
173 3820 260 3866 anno
284 3802 379 3885 1466,
416 3800 494 3866 dum
517 3801 737 3867 dissensiones
759 3811 849 3868 ortae
871 3801 1009 3867 fuissent
1029 3804 1114 3869 inter
1137 3802 1274 3869 clericos
1295 3802 1359 3869 'I'a-

62 3901 233 3971 horienses
254 3914 288 3970 et
309 3928 420 3971 eorum
436 3927 601 3994 sequaces,
636 3915 769 3994 propter
785 3928 865 3994 quas
881 3907 1013 3994 quidam
1029 3906 1070 3972 de
1091 3907 1157 3973 illis
1176 3907 1304 3975 clericis
1323 3910 1359 3974 in

61 4008 249 4076 carceribus
270 4009 499 4096 affligebantur
537 4033 579 4076 ex
600 4011 767 4078 voluntate
789 4011 885 4096 regis.
922 4011 1023 4076 Prout
1053 4010 1150 4078 latior
1171 4013 1356 4080 informatio

62 4115 160 4205 hujus
170 4106 336 4182 invenitur
356 4118 392 4180 in
407 4117 535 4204 scriptis
552 4117 806 4204 antiquioribus,
830 4138 914 4204 quae
927 4125 1000 4182 acta
1015 4126 1091 4183 sunt
1112 4126 1258 4206 tempore
1274 4121 1359 4207 ejus·

62 4220 138 4287 dem
152 4220 352 4309 Rokycsani,
376 4222 462 4311 quod
478 4245 521 4288 ex
535 4222 688 4288 mundato
705 4221 852 4310 ejusdem
877 4223 1030 4288 torserint
1044 4223 1192 4290 homines
1223 4223 1358 4291 devotos

62 4326 104 4393 ob
118 4326 219 4393 fidem
233 4329 269 4395 in
282 4328 428 4394 articulis
444 4329 672 4416 suprascriptis
702 4335 856 4410 notatam,
880 4338 978 4415 atque
994 4328 1076 4393 haec
1090 4327 1275 4394 debuerunt
1289 4351 1358 4395 ore*

63 4439 161 4497 tenus
171 4433 207 4498 in
217 4431 313 4522 Teyn
327 4435 362 4498 in
374 4435 512 4520 gratiam
528 4434 599 4520 ejus
615 4441 648 4498 et
669 4431 807 4497 aliorum
821 4453 987 4510 revocare,
1004 4434 1088 4499 sicut
1100 4433 1165 4499 illis
1177 4434 1359 4523 praescrip·

60 4548 131 4607 nm
151 4537 226 4625 fuit;
250 4536 382 4625 quidam
404 4538 502 4604 etiam
522 4537 713 4603 incarcerati
735 4535 819 4601 ultra
841 4536 954 4603 decem
976 4559 1079 4604 annos
1107 4538 1246 4620 fuerunt,
1263 4542 1359 4626 prout

60 4640 204 4711 Mantus
224 4642 407 4732 Dolenslry,
445 4644 501 4731 qui
533 4641 629 4708 etiam
663 4642 765 4707 altera
786 4643 860 4707 vice
895 4644 1077 4711 semialtero
1111 4666 1195 4710 anno
1215 4642 1359 4711 incarce·

60 4756 152 4817 rums
171 4736 255 4834 init3
277 4749 357 4817 item
374 4746 509 4838 qtridam
529 4745 680 4815 Michael.
715 4745 859 4832 Quidam
877 4769 961 4818 rere
980 4750 1023 4818 in
1042 4747 1242 4818 carceribus
1252 4745 1387 4810 Your*
