2948 5040
139 104 206 176 282

140 300 204 349 nae
227 277 340 369 (quam
361 276 492 345 omnino
514 276 561 343 eis
582 275 707 365 inimici
727 273 857 343 illorum
878 275 965 344 circa
994 277 1117 346 circum
1145 299 1189 347 ex
1220 278 1314 347 omni
1340 285 1428 366 parte

141 380 358 462 abstulerant)
379 381 516 449 Arctum
538 380 738 449 Tuscensem
768 381 932 448 civitatem
953 380 1163 469 advenerunt,
1190 383 1249 451 ubi
1271 383 1359 448 intra
1378 382 1429 448 ali·

137 495 215 578 quot
225 485 296 554 dies
310 485 468 555 auxilium
490 488 525 553 in
540 487 708 554 tormentis
731 495 764 552 et
776 507 904 552 annona
914 509 934 552 a
945 485 1168 555 Sennensibus
1183 484 1428 576 exspectabant,

140 601 173 661 et
193 591 378 682 sperabant,
399 593 580 661 haccenim
602 595 711 662 omnia
734 594 930 678 Senncnses,
954 594 1031 661 dum
1043 615 1214 662 caesareae
1226 596 1346 685 copiae
1356 594 1430 661 Tus·

136 697 220 765 ciam
249 694 470 784 advenissent,
494 701 523 764 si
545 699 579 766 in
601 700 844 789 oppugnatione
864 698 1055 774 Florentina
1076 700 1338 779 debilitarentur,
1360 723 1423 788 pro·

135 803 305 869 miserunt.
341 801 381 868 In
403 803 467 870 hoc
487 805 685 893 promissum
708 803 905 871 confidentes
927 805 1114 872 caesareani
1135 806 1268 890 milites,
1294 812 1329 871 et
1352 805 1419 893 qnia

139 907 238 985 etiam
259 907 295 973 in
316 907 487 996 procinctu
514 906 746 996 progrediendi
767 907 905 992 fuerant,
939 905 1077 996 ideoque
1099 916 1259 976 tormenta
1296 917 1331 975 ct
1352 909 1424 975 alias

134 1034 189 1081 res
210 1013 413 1097 necessarias
431 1034 495 1102 pro
518 1012 707 1087 defensione
722 1012 899 1081 Mediolani
913 1012 1125 1102 reliquerunt.
1146 1013 1326 1081 Exercitus
1337 1014 1428 1100 igitur

138 1116 267 1208 papalis
290 1138 364 1182 curn
387 1115 634 1203 confoederatis,
658 1140 794 1207 quorum
817 1117 949 1206 quidam
969 1119 1147 1185 Ravenme
1169 1117 1300 1184 et'aliis
1324 1119 1429 1186 civita

136 1222 224 1291 tibus
235 1216 391 1291 Romanis
407 1231 640 1309 remanserant,
663 1223 823 1291 latis'viis
835 1223 1036 1290 Florentiam
1057 1245 1181 1308 versus,
1202 1221 1357 1288 utillum
1378 1223 1424 1288 ci·

139 1327 276 1397 vitatem
296 1325 484 1412 defendant,
517 1336 755 1418 processerunt,
790 1351 873 1415 quae
896 1329 1010 1395 civitas
1028 1328 1099 1417 jam
1120 1326 1291 1413 militibus,
1322 1328 1426 1410 armis,

139 1431 317 1515 tormentis,
341 1451 471 1499 annona
503 1440 536 1498 et
567 1432 641 1499 aliis
663 1432 762 1499 rebus
783 1431 1056 1520 prodefensione
1078 1430 1274 1497 necessariis
1299 1432 1429 1520 provisa

135 1535 208 1605 fuit.
231 1535 428 1604 Caesareani
449 1559 538 1621 vero,
561 1546 598 1602 nt
617 1538 653 1602 in
675 1538 917 1625 oppugnatione
939 1536 1034 1623 hujus
1049 1543 1175 1601 tantum
1188 1537 1349 1627 temporis
1367 1559 1429 1602 non

132 1642 281 1735 perdant,
304 1645 452 1712 inimicos
472 1636 557 1712 fame
571 1667 642 1713 »non
664 1644 840 1731 detineant,
859 1653 915 1712 aut
932 1647 961 1711 si
976 1644 1061 1710 hanc
1078 1642 1242 1710 civitatem
1259 1643 1362 1710 etiam
1383 1664 1433 1708 ex·

132 1756 325 1840 pugnarent,
344 1772 387 1815 ne
408 1771 483 1816 cum
505 1750 595 1838 Papa
609 1750 688 1838 (qni
711 1749 843 1817 aliunde
858 1750 977 1818 talibus
1000 1753 1140 1838 negotiis
1163 1748 1310 1815 inItalia
1338 1746 1431 1815 valde

132 1855 319 1943 frequenter
326 1854 546 1945 premebatur)
555 1878 675 1923 novum
683 1855 806 1922 bellum
815 1878 929 1943 gerere
945 1866 1110 1944 cogantur,
1121 1854 1292 1944 exquibus
1301 1853 1425 1920 duabus

133 1956 351 2044 rabasonem
365 1959 579 2044 inhonestam,
592 1960 727 2028 alteram
740 1961 802 2027 eibi
813 1960 1007 2027 laboriosam
1025 1983 1097 2027 esse
1109 1961 1331 2042 adverterunt,
1349 1957 1432 2024 ideo·

133 2085 196 2153 que
207 2065 387 2149 consilium,
400 2087 463 2153 quo
484 2065 595 2132 habito
608 2064 650 2132 ad
662 2065 915 2155 oppugnandam
926 2065 1135 2145 Florentiam,
1148 2074 1182 2131 ut
1191 2071 1284 2130 recta
1303 2061 1348 2130 ad
1360 2063 1432 2128 civi·

134 2177 234 2249 tatem
245 2169 434 2260 procedant,
455 2172 715 2257 immutaverunt,
731 2173 942 2260 respicientes
956 2179 1043 2238 certe
1054 2170 1249 2260 pontificem,
1275 2169 1332 2256 qui
1345 2176 1435 2255 caput

135 2285 168 2345 et
175 2277 373 2366 principium
390 2275 503 2343 barum
525 2298 634 2342 rernm
655 2275 866 2345 adversarum
887 2275 1002 2361 fuerat,
1024 2285 1059 2342 ut
1067 2277 1095 2342 si
1117 2297 1189 2341 cum
1210 2273 1306 2340 Italis
1316 2273 1431 2339 bellun

134 2381 324 2469 inciperent,
348 2380 486 2448 utillud
508 2391 623 2472 pacata
645 2385 753 2470 quiete
775 2378 959 2467 terminent,
994 2390 1027 2447 et
1055 2380 1271 2448 communitas
1310 2378 1432 2445 christi·

134 2488 317 2555 enatantis
341 2496 373 2552 et
394 2485 520 2553 tamdiu
542 2487 733 2555 durantibus
754 2485 852 2554 bellis
876 2487 999 2555 afflicta
1021 2495 1054 2553 et
1078 2485 1251 2566 destructa,
1276 2506 1314 2551 se
1336 2482 1430 2550 recol·

134 2590 238 2678 ligere
260 2599 293 2658 et
314 2592 484 2677 quiescere
504 2593 617 2679 possit.
651 2591 795 2682 Ideoque
816 2594 1037 2682 relinquentes
1059 2613 1170 2657 omnes
1192 2588 1274 2655 belli
1299 2609 1428 2679 appara·

133 2706 185 2765 tus
206 2719 266 2787 per
287 2718 419 2785 campos
436 2695 632 2782 Sennenses,
654 2699 791 2766 Romam
813 2721 927 2765 versus
949 2697 1103 2764 alacriter
1125 2703 1363 2785 processerunt
1382 2693 1433 2760 ria

136 2801 202 2886 tali,
226 2800 312 2889 quod
334 2823 453 2888 magna
474 2824 550 2890 pars
574 2801 737 2867 exercitus
759 2825 818 2891 per
832 2802 1016 2869 Viterbium
1038 2800 1234 2890 pervenerit,
1258 2807 1433 2888 antequam

135 2904 176 2971 de
198 2904 328 2971 illorum
351 2904 493 2972 adventu
513 2906 637 2973 Romae
659 2906 889 2972 certitudinem
910 2907 1076 2973 rescirent.
1108 2904 1197 2970 Dum
1218 2925 1301 2970 vero
1323 2925 1432 2970 rumor

136 3018 348 3099 properanter
381 3011 672 3099 appropinquantis
708 3011 833 3078 inimici
856 3034 903 3094 eo
929 3010 1054 3077 delatus
1090 3009 1213 3092 fuisset,
1231 3016 1306 3074 'tam
1330 3009 1433 3075 subito

135 3117 251 3181 timore
279 3136 393 3182 omnes
414 3115 555 3202 perculsi
589 3115 856 3202 sollicitabantur;
893 3117 928 3182 hi
949 3115 1006 3183 nbi
1043 3115 1187 3180 securius
1208 3135 1261 3178 res
1298 3137 1379 3180 snas
1406 3117 1433 3181 et

135 3220 269 3287 mobilia
289 3219 468 3286 recondere
489 3228 643 3308 possent;
672 3220 737 3305 alii,
772 3220 849 3309 quid
878 3222 913 3288 in
946 3221 1008 3287 boc
1036 3218 1216 3307 periculoso
1251 3226 1286 3284 et
1314 3221 1431 3286 misero

137 3348 245 3394 rerum
268 3334 352 3392 statu
384 3322 548 3410 agendum
576 3324 669 3410 foret,
692 3348 768 3392 cum
799 3327 913 3392 amicis
947 3334 978 3391 et
1011 3325 1169 3413 proximis
1204 3324 1273 3389 suis
1297 3325 1432 3391 consilia

138 3429 339 3515 tractabant3
363 3426 477 3494 ultimo
510 3428 642 3494 tandem
665 3452 776 3496 omnes
798 3432 912 3518 firgere
944 3439 977 3496 et
1009 3431 1172 3496 civitatem
1207 3429 1432 3523 derelinquere

140 3532 334 3616 statuebant,
371 3532 457 3620 qnod
491 3536 587 3601 etiam
611 3536 682 3601 sine
704 3535 802 3602 dubio
824 3536 946 3602 factum
967 3535 1089 3618 fuisset,
1121 3537 1149 3600 si
1170 3534 1320 3624 pontifex
1344 3559 1430 3601 man·

140 3639 216 3706 dato
250 3637 336 3703 edito
360 3647 416 3702 sub
453 3639 579 3725 magnis
601 3641 727 3727 poenis,
751 3663 793 3705 ne
828 3640 913 3706 ullus
937 3662 979 3705 ex
1002 3639 1133 3705 civitate
1155 3643 1302 3732 excedat,
1325 3667 1430 3734 neque

139 3766 183 3810 ex
203 3741 261 3808 illa
282 3740 406 3828 aliquid
429 3741 470 3807 de
491 3741 586 3808 bonis
609 3744 677 3810 suis
699 3744 833 3828 auferat,
857 3746 993 3810 miseros
1016 3748 1104 3812 cives
1138 3755 1170 3812 et
1201 3747 1327 3813 aulicos
1350 3750 1429 3816 invi·

138 3855 188 3938 tos
210 3842 276 3912 nou¹
299 3844 491 3913 detinuisset
523 3855 555 3912 et
576 3847 667 3913 abire
690 3848 918 3937 prohibuisset.
951 3851 1124 3917 Praeterea
1150 3862 1298 3917 senatum
1322 3864 1357 3920 et
1378 3877 1429 3943 po·

139 3945 437 4039 pulumRoman'um
460 3951 502 4015 ad
519 3966 559 4017 ‘se
581 3955 692 4020 vocari
710 3955 819 4042 jussit,
843 3955 951 4043 amplo
975 3977 1123 4021 sermono
1146 3955 1219 4021 illos
1235 3956 1426 4042 admonens,

139 4055 238 4123 urob
274 4074 392 4123 nomen
413 4057 594 4124 Romanum
617 4066 651 4123 et
677 4081 902 4146 praegressam
938 4060 1123 4127 diuturnam
1154 4060 1285 4128 laudem
1320 4087 1357 4130 se
1380 4087 1428 4130 re·

139 4160 328 4247 colligentes
352 4169 384 4226 et
415 4160 529 4226 horum
558 4161 776 4247 recordantes,
810 4164 998 4232 indumenta
1027 4167 1253 4253 generositatis
1277 4176 1311 4232 et
1340 4192 1428 4235 arma

140 4287 199 4354 pro
223 4268 328 4354 patria
351 4275 383 4331 et
405 4265 491 4332 Sede
514 4265 691 4352 apostolica
713 4280 878 4334 assumant
901 4279 933 4335 et
953 4270 1117 4338 civitatem
1149 4270 1336 4356 defendant,
1368 4273 1426 4340 do-

140 4393 202 4437 nec
224 4373 387 4437 exercitus
409 4368 708 4439 confoederatorum
731 4372 789 4451 (de
811 4396 874 4461 quo
897 4396 1003 4462 supra,
1027 4377 1113 4463 quod
1126 4375 1313 4444 Florentiae
1336 4379 1426 4446 relic·

143 4485 193 4540 tus
224 4474 331 4560 fuerit,
347 4472 511 4562 diximus)
536 4483 568 4541 et
590 4475 671 4542 alter
694 4478 857 4544 exercitus
878 4478 1014 4567 papalis,
1045 4481 1156 4568 quiin
1177 4504 1280 4568 regno
1302 4483 1426 4574 Neapo-

141 4579 242 4647 litano
264 4579 431 4665 hucusque
451 4579 646 4665 morabatur,
669 4579 817 4650 celeriter
829 4582 964 4650 Romam
987 4605 1099 4652 versus
1123 4592 1346 4678 convenerint,
1362 4595 1427 4682 qni·

140 4685 203 4753 bus
226 4682 457 4757 auxiliantibus
493 4708 559 4758 non
596 4697 722 4760 tantum
742 4689 891 4785 inimicos
912 4691 1082 4782 repellere,
1118 4700 1356 4781 verumetiam
1378 4724 1426 4770 ca·
