2948 5040
1314 152 1378 222 14⁷

78 326 156 393 cibo
178 326 303 415 impleti
324 323 366 393 de
387 322 576 393 vulneribus
597 321 731 406 Christi,
761 330 793 389 et
816 323 965 413 ejusdem
986 322 1161 389 electarum
1190 323 1301 391 crium
1325 323 1377 390 la·

78 430 227 514 boribus,
249 453 374 518 parum,
397 436 453 495 aut
474 427 607 499 nihil
579 451 627 495 ers
647 427 691 494 ad
713 424 1025 516 salutemprcficuis.
1047 428 1377 516 RepetetDeussan-

79 537 214 623 guinem
236 534 413 602 humanum
439 531 480 598 de
502 532 652 599 manibus
673 533 821 619 Vestris,
845 532 944 599 multo
977 532 1049 622 plus
1082 533 1170 599 enim
1190 514 1378 600 hominibus

80 643 211 708 nocetis
252 649 286 706 et
307 662 362 707 ecs
385 639 581 727 impeditis
572 662 605 704 1n
628 638 731 705 salute
753 639 880 704 illorum
914 660 1010 726 quam
1043 637 1182 704 fructum
1211 638 1376 722 adferatis,

81 744 232 814 occiditis
255 745 341 811 enim
365 752 396 808 et
418 743 606 835 disperditis
621 745 745 811 animas
758 743 896 827 illorum,
919 745 1025 831 primo
1040 743 1246 826 vitavitiosa,
1269 744 1377 811 minus

84 848 284 937 exemplari3
321 848 464 915 secundo
498 849 650 936 dogmate
671 848 754 914 falso
776 848 978 915 Antichristi.
1011 847 1131 932 Metuo,
1164 868 1208 912 ne
1230 847 1323 914 Deus
1353 871 1375 915 a

60 1014 62 1021 .
82 955 187 1022 Vobis
202 953 328 1041 auferat
349 976 487 1040 regnum
508 954 650 1021 coeleste
618 963 704 1020 tet
724 954 847 1020 tribuat
834 953 988 1043 tpcpulc
1009 951 1183 1041 peregrino
1201 969 1274 1017 cum
1280 940 1373 1019 fruc·

85 1059 174 1125 tibus
197 1060 276 1146 ejus.
300 1058 353 1125 Ab
377 1059 501 1125 oriente
524 1067 557 1124 et
578 1080 696 1125 occasu
719 1058 863 1143 solis,et
851 1058 985 1125 tferme
1008 1080 1051 1124 ex
1072 1079 1161 1122 cmm
1150 1055 1261 1122 orbrs
1276 1065 1376 1123 terra·

85 1186 160 1231 rum
182 1173 275 1250 parte
297 1152 457 1229 accedunt
478 1164 608 1229 veritati
647 1163 712 1228 Dei
745 1172 779 1227 et
800 1164 978 1251 scripturae
1000 1185 1098 1230 verae
1118 1161 1254 1230 Domini
1275 1166 1395 1230 nostri,

81 1267 169 1334 deso
192 1266 330 1353 Christi3
353 1268 420 1335 Vos
443 1289 521 1335 vero
542 1276 629 1334 retro
651 1267 778 1351 ceditis,
801 1267 1080 1356 ideoqueaplebe
1102 1278 1135 1335 et
1147 1259 1268 1360 populo
1282 1273 1379 1361 simp·

88 1372 150 1443 lici
167 1372 236 1447 Vos
258 1372 448 1460 persuaderi
469 1394 535 1439 nou
558 1373 674 1456 sinitis,
696 1393 805 1461 neque
819 1371 922 1439 Vobis
944 1372 1068 1459 aliquid
1090 1372 1307 1443 demonstrari
1316 1400 1377 1465 per

86 1477 196 1565 legem
216 1478 283 1543 Dei
305 1487 337 1543 et
359 1479 551 1567 scripturam
574 1500 709 1545 sacram.
733 1476 783 1543 O!
805 1475 909 1564 pudor
936 1475 1063 1560 Vester,
1088 1486 1120 1543 et
1133 1479 1380 1568 levitasmagna

84 1584 315 1670 magistrorum
348 1591 471 1671 septem
495 1583 700 1649 scientiarum
724 1591 804 1663 (non
826 1604 904 1648 vero
919 1589 992 1647 octo
1004 1581 1267 1669 beatitudinum),
1298 1607 1377 1673 quas

83 1686 254 1770 didicistis,
278 1708 359 1774 quos
379 1686 474 1774 plebs
497 1687 637 1777 simplex
662 1697 694 1753 et
704 1685 844 1774 operarii
855 1694 1010 1773 superant
1029 1687 1065 1752 in
1077 1689 1244 1776 scripturis
1264 1692 1377 1756 sacris.

86 1791 155 1859 Vos
178 1813 257 1859 vero
280 1813 353 1857 cum
375 1791 464 1856 nullo
488 1812 598 1856 eorum
620 1792 655 1856 in
677 1790 859 1857 discursum
889 1789 931 1854 de
960 1791 1097 1856 veritate
1131 1792 1214 1879 legis
1246 1793 1378 1861 divinae

70 1896 264 1963 ‘immittere'
284 1894 421 1976 audetis,
442 1902 561 1972 metuo,
583 1916 626 1965 ne
648 1894 816 1960 scientiam
839 1893 922 1980 legis
952 1891 1082 1960 divinae
1114 1899 1379 1985 consumpseritis

82 2000 118 2067 i'n
139 2000 269 2075 refertis
313 2008 345 2064 et
377 1997 553 2086 pinguibus
574 1999 707 2064 mensis.
740 1997 811 2063 Imo
846 2006 879 2062 et
903 1997 1019 2063 fratres
1040 1997 1311 2081 Boleslawienses
1345 2025 1380 2068 se

85 2106 241 2173 contiuuo
264 2103 305 2169 ad
328 2102 471 2169 debitam
494 2102 673 2169 Vobiscum
695 2101 894 2168 audientiam
916 2113 1132 2189 revocarunt3
1155 2104 1222 2170 Vos
1245 2107 1381 2171 veroin

85 2208 297 2277 concionibus
307 2207 433 2274 Vestris
444 2229 556 2276 omnes
578 2208 743 2296 spernitis,
769 2206 975 2290 Pickhartas,
998 2207 1179 2275 haereticos
1198 2208 1380 2298 appelletis,

89 2312 149 2379 ubi
168 2312 267 2380 Vobis
290 2312 352 2379 hcc
373 2315 408 2378 iu
429 2312 503 2378 loco
535 2311 757 2379 contradicere
790 2310 1028 2396 nullusaudet,
1065 2336 1178 2381 versum
1210 2315 1246 2379 in
1283 2336 1381 2380 cursu

90 2417 265 2485 christiano
288 2427 321 2482 et
348 2416 500 2505 prudenti
524 2416 674 2484 discursu
709 2440 752 2483 ex
786 2418 946 2505 scriptura
982 2439 1076 2484 sacra
1108 2420 1296 2486 satisfacere
1325 2441 1381 2485 ne·

85 2524 205 2611 quitis3
228 2524 349 2589 veritas
373 2525 460 2589 enim
474 2522 576 2589 Vobis
599 2522 717 2589 deficit.
747 2522 890 2611 Ideoque
911 2524 1067 2609 magister
1089 2524 1204 2592 Gallus
1218 2547 1284 2592 non
1306 2525 1380 2612 lege

81 2627 150 2694 Dei
174 2637 206 2695 et
228 2628 388 2716 scriptura
410 2650 504 2694 sacra
523 2628 679 2716 populum
705 2628 747 2694 ad
769 2627 868 2694 fidem
890 2628 1011 2714 dirigit,
1035 2627 1093 2694 sed
1110 2628 1287 2714 lictoribus,
1311 2651 1380 2696 car-

82 2733 226 2817 ceribus,
251 2733 412 2816 caruifiee,
435 2732 710 2820 flagellationibus
734 2741 766 2798 et
788 2732 1006 2800 inustionibus
1029 2734 1216 2820 stigmatum
1248 2757 1288 2800 ac
1314 2736 1378 2823 pri·

82 2839 217 2905 votione
238 2837 440 2925 cpificicrum
472 2860 512 2904 ao
533 2838 799 2924 negotiationum,
833 2839 898 2903 imo
921 2859 941 2903 a
963 2837 1095 2904 civitate
1116 2839 1381 2926 relegationibus,

82 2951 184 3030 atque
215 2944 307 3008 varia
328 2943 508 3030 tyrannica,
542 2966 608 3010 non
642 2965 720 3010 vero
743 2941 920 3008 christiana
950 2944 985 3009 vi
1015 2952 1048 3008 et
1079 2943 1244 3010 violentia
1282 2944 1381 3011 Omi

81 3045 198 3114 Galle!
228 3046 311 3113 forte
333 3045 418 3113 hanc
439 3048 546 3134 legem
567 3050 602 3114 in
626 3046 746 3113 scholis
770 3046 932 3114 sathanae
954 3046 988 3112 in
1009 3047 1138 3115 inferno
1161 3052 1256 3117 tertio
1289 3049 1382 3114 addi-

82 3150 205 3229 dicisti,
232 3173 297 3217 una
319 3174 392 3218 cum
414 3152 488 3237 illis,
512 3154 567 3241 qui
595 3167 627 3217 te
649 3152 755 3218 iubis
778 3151 944 3240 adjuvant,
968 3160 1023 3217 tua
1045 3159 1077 3220 et
1099 3153 1292 3220 Antichristi
1313 3175 1381 3220 ma·

82 3255 156 3324 litia
180 3255 357 3324 obcoecati.
470 3314 472 3323 .

619 3447 766 3516 CAPUT
789 3450 841 3516 19.

91 3554 156 3618 Ubi
177 3555 281 3616 literae
302 3553 402 3616 fratris
425 3559 559 3619 Methiae
579 3558 728 3622 finiuntur.
762 3560 804 3618 Et
833 3560 904 3618 dum
925 3560 1152 3621 administrator
1182 3562 1236 3621 has
1267 3561 1371 3621 literas

90 3644 277 3722 perlegisset,
301 3645 404 3704 statim
426 3648 480 3707 sub
503 3647 604 3726 specie
625 3646 838 3706 familiaritatis
860 3667 916 3725 pro
936 3648 989 3707 illo
1011 3648 1094 3706 misit
1126 3656 1155 3707 et
1176 3669 1229 3726 por
1245 3649 1379 3726 Judieem

89 3732 130 3791 ad
153 3732 226 3792 haec
249 3727 444 3793 constitutum
476 3732 766 3881 iratremiffipglppam
787 3754 847 3881 upa
869 3753 936 3794 oum
951 3753 1039 3796 servo
1054 3735 1187 3813 ejusdem
1199 3736 1231 3796 in
1244 3756 1377 3800 carceres

735 3840 835 3899 Jussr.

171 4004 319 4071 Christus
343 4005 502 4071 Dominus
523 4006 609 4072 filius
631 4007 696 4073 Dei
718 4008 787 4075 vivi
808 4008 933 4074 nullum
968 4031 1110 4096 unquam
1141 4008 1199 4074 tali
1223 4009 1377 4075 violentia

82 4109 127 4174 ad
148 4108 246 4176 fidem
269 4120 413 4177 sanctam
437 4112 563 4199 coegit3
597 4100 727 4180 dicebat
748 4113 834 4179 enim
856 4115 890 4178 in
920 4114 1071 4200 dogmate
1094 4137 1176 4180 suc:
1201 4114 1298 4181 crede
1320 4114 1376 4194 fili,

80 4213 147 4297 vel,
178 4215 207 4278 si
240 4215 373 4281 credere
394 4224 496 4303 potes.
531 4215 571 4280 Et
592 4217 731 4305 apostoli
754 4216 823 4302 ejus
844 4217 959 4283 fideles
982 4227 1015 4284 et
1035 4220 1106 4284 veri
1127 4219 1233 4285 nuntii
1266 4243 1306 4286 ac
1329 4244 1377 4287 se·

81 4340 202 4406 quaces
231 4322 310 4407 ejus,
340 4320 505 4409 nunquam
529 4321 672 4410 aliquem
694 4323 735 4389 de
757 4323 878 4410 populo
900 4323 1025 4388 infideli
1047 4322 1115 4390 ulla
1134 4333 1296 4412 potestate
1326 4348 1378 4390 se·

79 4423 185 4488 colari
205 4433 391 4510 coegerunt
436 4425 521 4493 Viva
553 4428 639 4492 enim
661 4435 694 4493 et
714 4451 794 4495 vera
824 4427 907 4494 fides
930 4451 951 4494 a
979 4429 1052 4494 Deo
1075 4428 1144 4495 solo
1177 4428 1375 4513 conceditur,

79 4536 114 4594 et
135 4550 156 4593 a
178 4529 292 4617 spiritu
315 4539 426 4597 sancto
448 4530 633 4598 infunditur.
656 4533 717 4599 Est
739 4535 826 4599 enim
840 4537 1008 4622 proprium
1019 4535 1142 4622 gratiae
1153 4533 1219 4599 Dei
1236 4533 1377 4618 donum3

78 4631 108 4697 si
130 4633 218 4697 enim
240 4655 311 4699 eam
335 4635 475 4724 cuipiam
497 4635 589 4702 Deus
613 4639 816 4726 omnipotens
841 4662 883 4704 ex
905 4638 1011 4726 gratia
1033 4648 1065 4705 et
1087 4661 1196 4705 amore
1226 4662 1284 4706 suo
1311 4661 1378 4706 non

77 4736 204 4816 tribuit,
226 4737 334 4807 nullus
355 4741 391 4807 in
412 4739 492 4809 orbe
514 4749 672 4810 terrarum
693 4742 791 4810 homo
813 4764 888 4813 eam
908 4743 990 4811 dare
1002 4751 1130 4831 potest,
1145 4765 1217 4808 uec
1227 4742 1405 4827 puriores,

1141 4845 1212 4908 bb*
