2948 5040
145 309 599 413 manaseanremasmps
613 268 1360 410 faas.atag·0as<12.uaa)n0maessom.

57 446 121 494 nes
130 424 266 493 Hlawsa
279 424 478 512 etmagister
492 424 646 495 Brikoius
657 447 679 491 a
688 445 767 512 rege
783 445 826 489 ex
840 423 1010 511 Hungaria
1024 423 1283 517 Kuttenbergem
1304 424 1362 492 ad·

43 538 234 598 ⁵venerunt.
276 526 403 597 Eadem
426 530 524 596 etiam
548 528 602 595 die
622 528 729 595 nuntii
750 526 863 594 literas
884 528 993 615 regias
1027 546 1071 594 ex
1090 528 1261 616 Hungar'ia
1280 530 1362 596 Pra-

59 635 219 724 gensibus
235 633 284 702 ad
306 634 429 700 curiam
464 642 497 700 et
518 634 782 699 communitatem
804 640 905 699 tetam
927 631 1114 717 attulerunt,
1150 632 1208 699 ubi
1230 641 1361 717 senatus

62 739 178 808 eadem
212 738 266 806 die
298 740 453 805 renovari
486 736 608 820 debuit,
642 730 768 804 ratione
801 737 946 804 omnium
979 739 1101 805 civium
1134 737 1361 824 relegatorum.

59 844 193 911 Literae
215 851 323 921 autem
352 841 415 909 bae
449 840 492 908 ad
513 841 697 935 Pragenaes
729 838 851 907 missae
881 849 1018 929 quartae
1049 842 1189 927 fuerunt,
1222 854 1358 962 quarum

24 1012 28 1018 .
60 947 230 1016 literarum
253 968 368 1013 sensus
389 948 452 1012 iste
473 945 588 1012 fuerat.
633 945 743 1011 Primo
777 944 912 1033 quidem
934 942 1072 1032 consuli,
1103 949 1239 1046 senatui,
1274 947 1358 1083 seui

52 1053 175 1129 oribus
197 1060 231 1119 et
251 1053 426 1119 universae
445 1051 670 1118 communitati
690 1048 858 1136 Pragensi
982 1114 984 1121 ,

265 1155 455 1223 Ludoricus
475 1155 542 1222 Dei
562 1155 669 1242 gratia
690 1163 753 1221 ete.

79 1259 296 1347 Honesti,
323 1263 426 1328 nostri
455 1258 570 1327 fideles
599 1258 722 1326 dilecti
766 1258 945 1328 Memoriae
975 1271 1105 1332 vestrae
1134 1216 1362 1335 consecratum

58 1305 233 1452 babebitis,
256 1366 344 1455 quod
364 1365 490 1433 vobis
475 1387 547 1454 Jam
568 1363 693 1451 aliquot
715 1363 826 1430 literas
849 1367 980 1437 mittere
1000 1368 1133 1458 dignati
1148 1370 1337 1438 fuerimus
1326 1396 1363 1439 ιι

50 1495 161 1542 causa
180 1472 308 1539 illarum
330 1491 544 1561 personarum
572 1478 605 1536 et
635 1470 840 1541 subditorum
875 1483 1070 1559 nostrorum,
1104 1496 1185 1563 quos
1214 1497 1275 1564 pro
1303 1475 1361 1545 illo

58 1587 206 1667 tempore
228 1575 271 1643 ob
294 1573 450 1664 quasdam
483 1574 729 1645 informationes
763 1586 889 1644 vestras
913 1600 969 1644 ex.
989 1579 1122 1647 civitate
1153 1589 1265 1647 nesus
1284 1579 1361 1648 Pra-

23 1734 26 1741 .
60 1681 157 1772 gensi
177 1681 265 1749 bona
288 1702 347 1746 sua
369 1678 577 1746 divendendo
609 1680 701 1747 abire
718 1674 889 1771 jussimus,
917 1704 1023 1772 nuper
1044 1705 1123 1778 vero
1144 1684 1252 1752 denuo
1266 1680 1361 1752 man·

58 1788 144 1860 ¹dare
162 1788 289 1878 dignati
303 1787 440 1871 fuimns,
462 1797 499 1853 ut
518 1787 606 1855 bona
628 1810 689 1854 sua
709 1809 776 1855 non
797 1786 990 1866 divendant,
1002 1787 1070 1863 ‚sed
1090 1788 1210 1856 inillis
1232 1804 1361 1858 conser-

52 1905 182 1979 vantur,
205 1902 238 1960 et
264 1892 323 1958 illa
345 1890 529 1959 custodiant
543 1891 678 1977 tamdiu,
702 1892 808 1961 donec
828 1892 892 1972 bae
913 1913 1027 1963 omnes
1042 1894 1285 1961 controversiae
1305 1897 1361 1967 uel

53 1999 271 2068 consentione
297 1996 482 2082 amicabili,
516 2005 573 2065 eut
588 1999 680 2088 justo
707 1997 901 2087 judicioad
922 1998 1098 2071 terminum
1130 2019 1224 2065 suum
1244 2019 1359 2089 perve-

51 2106 156 2187 niant,
179 2103 373 2193 praesertim
396 2102 472 2189 quia
493 2100 529 2167 bi
550 2099 679 2169 subditi
706 2123 815 2168 coram
838 2101 934 2169 nobis
958 2111 991 2168 et
1012 2102 1211 2171 consiliariis.
1238 2104 1360 2171 nostris

53 2209 124 2294 illa,
146 2228 230 2297 quae
253 2206 294 2272 de
316 2204 382 2272 illis
406 2207 528 2294 scripta
541 2214 583 2271 'et
604 2204 692 2272 dicta
713 2205 855 2291 fuerunt,
886 2215 1048 2294 negarunt
1070 2215 1103 2274 et
1132 2206 1282 2299 omnibus
1308 2228 1359 2274 re·

56 2315 214 2396 stiterunt,
237 2319 337 2399 atque
370 2310 413 2377 ad
441 2309 602 2400 judicium
625 2321 658 2375 et
684 2310 885 2383 audientiam
918 2309 1062 2380 debitam
1092 2334 1138 2380 se
1156 2319 1380 2403 revocarunt,

55 2436 206 2506 poenam,
227 2415 256 2482 si
278 2416 326 2480 rei
348 2416 453 2503 agniti
473 2414 603 2499 ιιιιίιι,
620 2424 623 2429 ’
639 2413 749 2482 subire
771 2415 918 2484 volentes
949 2424 1009 2485 etc.
1060 2416 1229 2486 Informati
1264 2415 1360 2484 simul

27 2511 174 2588 'ninus
196 2519 240 2586 ab
262 2518 322 2610 his
336 2519 476 2586 subditis
498 2519 628 2603 nestris,
663 2518 750 2608 quod
771 2521 854 2588 tales
875 2519 991 2589 literae
1020 2530 1053 2589 et
1073 2512 1357 2594 mandatrm'nos·

50 2635 138 2693 trum
147 2624 236 2716 apud
246 2646 309 2692 vos
317 2623 424 2693 locum
435 2625 584 2692 invenire
594 2633 768 2711 nequeant,
778 2622 860 2691 illud
873 2625 1134 2716 praetendentes,
1147 2627 1234 2718 quod
1248 2624 1359 2695 nuntii

51 2730 164 2813 vestri,
188 2731 244 2818 qui
255 2727 341 2817 apud
353 2750 414 2796 nes
429 2736 507 2796 ante
519 2729 603 2800 testa
616 2728 856 2797 Pentecostalia
872 2733 952 2799 anni
973 2731 1200 2820 praecedentis
1219 2733 1358 2818 fueram,

51 2837 242 2906 mandatum
267 2839 375 2904 talea
396 2835 491 2905 nobis
513 2838 710 2926 acceperint,
742 2859 785 2905 ne
805 2836 898 2913 ullas¹
917 2835 1040 2922 literas,
1072 2836 1357 2927 qualescunquea
1423 2895 1426 2900 .

52 2942 150 3010 nobis
176 2942 355 3009 contrarias
384 2941 586 3025 obtineretis,
620 2940 751 3026 curetis,
785 2940 924 3030 ideoque
946 2939 995 3007 illi
1028 2940 1132 3008 nostri
1163 2939 1286 3008 subditi
1316 2939 1361 3007 ad

53 3048 137 3116 baec
162 3068 266 3136 usque
288 3056 435 3137 tempora
457 3046 544 3114 bona
565 3068 625 3113 sua
646 3045 820 3126 custodire,
843 3047 927 3122 tueri
962 3054 995 3113 et
1016 3044 1081 3113 illis
1097 3044 1202 3121 libere
1224 3046 1360 3119 utinen

54 3152 192 3244 possint,
223 3155 279 3238 qui
300 3153 514 3228 incessanter,
545 3149 709 3218 humiliter
725 3185 727 3189 ’
744 3149 927 3239 efflagitant
955 3160 1015 3240 pro
1042 3151 1147 3240 justa.
1166 3148 1358 3218 defensioue

55 3256 243 3326 obtinenda
286 3256 355 3324 Nos
382 3278 460 3324 vero
476 3255 652 3323 audientes
675 3263 781 3323 tantas
804 3277 915 3322 eorum
944 3275 1059 3346 preces
1084 3262 1134 3322 :ct
1150 3255 1258 3345 justas
1282 3253 1357 3323 sub·

55 3364 240 3447 missiones,
276 3363 332 3451 qui
363 3359 546 3448 obligamur
567 3361 663 3427 unius
686 3360 843 3450 cujusque
860 3359 1009 3449 justitiae
1029 3352 1214 3450 previdere,
1247 3370 1280 3436 ιι
1299 3381 1359 3427 no·

55 3469 169 3551 lentes,
204 3474 243 3533 ut
255 3466 383 3532 illorum
397 3464 480 3554 (aut)
504 3463 588 3531 alius
606 3466 663 3554 jus
683 3462 853 3550 laedatis,
875 3462 1016 3553 ideoque
1026 3463 1122 3531 vobis
1133 3463 1238 3531 denuo
1249 3464 1360 3545 stricte

55 3571 248 3639 mandamus
282 3579 316 3635 et
347 3567 578 3658 praecipiendo
609 3567 732 3635 habere
762 3568 923 3653 volumus,
955 3576 992 3636 ut
1024 3566 1206 3635 secundum
1231 3576 1359 3634 nostras

59 3690 270 3768 praegressas
294 3683 325 3740 et
347 3674 445 3740 hasce
467 3673 578 3740 literas
592 3695 652 3740 ves
671 3673 805 3761 geratis.
827 3672 959 3763 anque
974 3674 1015 3740 in·
1030 3671 1103 3757 hoc,
1125 3694 1168 3738 ne
1189 3671 1277 3741 bona
1298 3693 1358 3741 sua

56 3780 252 3857 custodiant,
288 3780 400 3869 eisque
421 3779 469 3844 uti
490 3780 627 3867 possint,
650 3800 715 3846 non
736 3776 934 3866 impediatis,
964 3799 1026 3845 nec
1047 3776 1199 3867 impediri
1220 3779 1356 3870 permit·

58 3888 145 3970 tatis,
179 3884 223 3951 ad
244 3883 449 3964 venditiones
471 3882 631 3951 bonorum
654 3905 785 3950 suornm
806 3905 873 3950 non
904 3884 1039 3971 cogatis,
1069 3880 1261 3972 nullumque
1290 3904 1356 3951 ans·

57 3990 145 4080 plius
168 3991 239 4055 sive
260 3987 365 4055 virilis
403 3995 458 4053 aut
479 3986 647 4054 muliebris
680 4009 778 4056 sexus
808 3989 900 4056 exire
924 3987 1080 4077 jubeatis,
1104 3986 1162 4054 sed
1185 3989 1293 4077 quiete
1314 3987 1358 4055 ad

55 4097 201 4164 invicem
222 4116 282 4162 vos
306 4116 349 4159 ex
370 4101 507 4182 ubsque
520 4101 613 4182 parte
634 4096 766 4181 geratis.
789 4081 857 4161 Nos
873 4093 960 4160 enirn
981 4092 1047 4159 illis
1070 4093 1105 4159 in
1127 4091 1179 4158 his
1203 4093 1354 4160 omnibus

55 4201 240 4269 libertatem
275 4207 308 4264 et
330 4198 549 4282 securitatem,
575 4198 760 4288 ubicunque
789 4198 937 4281 habitare
970 4197 1144 4282 soluerint,
1175 4189 1357 4267 concedere

56 4305 231 4393 dignamur
264 4313 296 4368 et
317 4303 534 4386 concedimus,
557 4325 660 4392 usque
681 4303 724 4370 ad
744 4302 812 4370 litis
833 4304 930 4393 hujus
951 4297 1142 4389 terminum,
1164 4302 1246 4371 illud
1268 4304 1365 4381 enias

56 4410 200 4479 finaliter
222 4408 347 4475 babere
365 4409 524 4492 volumus,
546 4416 582 4476 ut
603 4429 715 4476 omnes
731 4407 952 4476 dissensiones
974 4417 1009 4475 et
1030 4407 1167 4476 dissidia
1186 4409 1271 4475 inter
1294 4430 1355 4478 ιιι

57 4515 201 4605 illosque
220 4523 298 4592 orta,
331 4513 385 4580 vel
407 4515 626 4581 transactione
658 4513 833 4598 amicabili,
866 4536 931 4603 per·
956 4512 1110 4598 remedia,
1146 4535 1230 4602 quae
1259 4511 1354 4581 vobis

57 4623 189 4709 utrique
212 4620 296 4707 parti
319 4620 389 4685 sine
410 4618 565 4686 dilatione
586 4618 816 4700 intimabimus,
838 4628 895 4688 aut
910 4619 1000 4709 justo
1018 4618 1142 4709 judicio
1163 4617 1260 4684 finem
1282 4616 1353 4686 adi·

58 4727 236 4816 piscantem.
259 4723 357 4791 Nam
378 4724 412 4790 in
444 4723 504 4791 tali
525 4726 743 4812 eorum-justa
776 4725 948 4814 petitione,
975 4745 1021 4802 ex
1048 4723 1101 4790 bis
1131 4721 1264 4790 duabus
1289 4722 1369 4787 ιιι
