2948 5040
56 304 168 376 dendo
190 300 414 395 repetiverant
436 306 638 395 gravamina,
662 330 747 398 quae
763 308 924 376 sustinere
947 290 1137 389 debuerant,
1166 314 1302 400 atquae
1321 311 1359 379 in

58 412 139 482 illos
172 409 394 495 devolverent,
410 438 413 443 ·
429 433 549 500 nempe
582 412 623 479 de
659 411 762 480 literis
783 436 843 503 per
863 434 1004 501 regnum
1026 413 1145 497 missis,
1168 412 1210 479 de
1231 415 1357 502 relega·

58 518 161 600 tione,
194 514 235 581 de
253 516 535 599 incarceratione,
569 514 611 584 de
633 517 771 603 damnis,
795 518 837 584 ob
859 523 926 584 'non
959 516 1190 582 admissionem
1212 519 1248 582 in
1269 517 1356 585 bona

55 631 92 690 et
126 621 250 687 domos*
274 640 359 705 suas,
393 621 581 709 perpessis,
614 621 677 689 hoc
707 623 812 690 solum
844 630 993 712 petentes
1025 644 1100 688 cum
1122 621 1354 690 antecedenter

56 729 106 795 eis
139 724 265 794 nullum
298 724 410 790 datum
442 724 542 791 fuerit
574 748 778 815 responsum,
813 735 850 793 ut
881 727 996 793 saltem
1026 734 1173 813 tempore
1194 724 1363 795 moderno·

55 830 161 914 detur,
184 829 361 918 praecipue
383 828 424 894 de
447 829 613 896 literarum
635 853 696 919 per
716 853 854 919 regnum
868 832 1036 915 missione,
1058 839 1098 896 et·
1112 831 1242 920 scripte,
1266 830 1354 920 quod

53 934 208 1003 cecidere
229 932 355 999 incolae
376 932 587 1018 intenderint,
609 943 646 1000 ut
666 934 851 1002 notificetur
874 934 1035 1019 omnibus,
1058 956 1101 1000 an
1116 934 1202 1009 ales,
1214 936 1280 1000 sint
1299 943 1356 1002 aut

53 1062 122 1108 non
145 1037 219 1123 sint,
242 1038 521 1127 praesertimcum
543 1038 729 1106 sacerdotes
752 1040 786 1104 in
810 1039 958 1106 ecclesiis
974 1048 1007 1106 et
1029 1038 1250 1124 concionibus,
1274 1040 1354 1106 item

55 1144 112 1211 alii
135 1143 181 1209 (16
198 1141 295 1231 plebe
316 1165 337 1207 a
359 1141 445 1208 clero
468 1141 550 1209 haee
570 1143 738 1209 audientes
755 1143 896 1232 publice,
918 1166 1110 1233 quocunque
1125 1155 1353 1234 pervenerunt,

56 1258 91 1318 et
122 1249 159 1315 in
191 1249 420 1314 communitate
452 1247 548 1336 hujus
580 1249 720 1316 civitatis
750 1248 833 1316 haee
861 1249 962 1315 locuti
983 1248 1113 1334 fuerint,
1146 1248 1186 1316 ac
1208 1251 1351 1340 deipsis

56 1356 129 1422 sine
151 1354 240 1420 omni
263 1352 455 1440 exceptione
478 1374 534 1419 eos
558 1347 640 1418 tales
663 1374 746 1438 esse,
776 1353 1019 1439 affirmaverint,
1041 1344 1179 1442 ideoque
1205 1352 1355 1421 lubentes

58 1476 254 1548 responsum
277 1479 375 1545 super
395 1453 469 1522 illas
493 1456 711 1544 querimonias
735 1454 894 1540 audirent,
918 1479 1000 1545 quae
1014 1480 1220 1547 nequaquam
1243 1458 1352 1541 debite

57 1562 238 1654 praeterire
259 1560 395 1651 possint,
431 1568 532 1649 utque
565 1560 647 1627 haec
662 1561 763 1650 juxta
783 1561 894 1626 literas
916 1561 951 1625 in
972 1570 1078 1648 regnc'
1097 1562 1288 1630 distributas
1311 1564 1353 1630 de

59 1668 127 1735 illis
149 1666 314 1734 affirment
334 1670 585 1750 aut'revocent3
610 1686 683 1730 cum
706 1664 793 1730 enim
814 1686 944 1748 uxores,
966 1665 1086 1752 proles,
1108 1666 1254 1757 aliosque
1276 1668 1355 1735 ami·

61 1793 119 1839 eos
141 1769 295 1855 habeant,
319 1791 361 1835 ne
383 1767 465 1834 baec
486 1767 553 1834 illis
575 1775 722 1858 tempore
753 1766 860 1834 futuro
883 1769 917 1833 in
951 1769 1187 1857 praejudicium
1210 1760 1357 1860 vergant.

59 1876 141 1945 Post
161 1875 335 1964 quandam
357 1895 481 1939 moram
505 1871 617 1939 datum
638 1873 704 1940 illis
725 1873 788 1940 fnit
808 1895 1013 1963 responsum,
1043 1874 1130 1963 quod
1153 1875 1222 1942 'hae
1243 1876 1357 1943 literae

60 1983 136 2051 illos
168 2002 235 2047 non
268 1987 477 2063 concernent,
510 2000 573 2043 nec
606 1977 647 2044 de
680 1978 746 2044 illis
770 1980 911 2067 scriptae
934 1978 1008 2062 sint,
1044 1979 1104 2045 sed
1128 1979 1169 2045 de
1191 1980 1275 2065 aliis,
1298 1982 1355 2069 qui

57 2086 141 2155 tales
154 2094 237 2152 sunt.
270 2082 420 2150 Ulterius
438 2081 608 2149 dixerunt:
634 2080 738 2166 „Cum
759 2085 859 2170 igitur
880 2105 939 2150 vos
954 2105 1013 2171 pro
1029 2084 1148 2150 talibus
1170 2106 1236 2150 non
1258 2107 1353 2171 gera-

59 2214 142 2276 mus,
179 2192 276 2256 etiam
309 2189 405 2255 nobis
427 2187 566 2275 videtur,
597 2187 685 2276 quod
706 2187 758 2254 his
782 2189 927 2254 contenti
949 2210 1022 2254 6666
1044 2174 1192 2277 possitis,
1224 2188 1355 2277 quando

62 2319 132 2381 vos,
157 2298 242 2362 sicut
262 2294 363 2383 prius,
385 2314 446 2383 pro
468 2292 699 2359 innocentibus
722 2292 983 2378 aestimabimus3
1015 2294 1063 2359 sic
1094 2294 1180 2358 enim
1210 2315 1270 2359 vos
1293 2291 1353 2382 pro

62 2401 180 2469 talibus
213 2398 419 2482 haberemus,
451 2396 550 2464 talem
584 2398 834 2464 conventionem
868 2396 1074 2465 amicabilem
1095 2384 1267 2487 vobiscum
1288 2419 1355 2464 non

64 2506 229 2588 iniremus,
253 2525 336 2591 quae
348 2503 456 2569 omnia
478 2502 700 2569 communitati
712 2501 980 2571 notificabimns.“
1012 2501 1262 2592 Responderunt
1274 2501 1356 2568 rele-

60 2612 150 2700 gati:
188 2610 271 2677 Oum
292 2610 393 2696 igitur
427 2607 606 2691 audiamus,
641 2607 727 2696 quod
749 2630 808 2674 nos
831 2608 944 2685 literae
976 2606 1040 2673 hae
1061 2630 1127 2673 non
1150 2599 1356 2684 concernunt,

60 2718 161 2785 etiam
190 2715 275 2780 hanc
289 2714 511 2802 provisionem
527 2721 559 2778 et
581 2713 836 2780 satisfactionem
859 2723 951 2800 grate
974 2714 1200 2800 suscipimus.“
1230 2711 1353 2777 Media·

58 2830 149 2890 tores
170 2819 253 2886 haec
274 2817 454 2902 audientes,
491 2826 738 2906 praeceperunt,
772 2826 810 2884 ut
837 2819 872 2883 in
904 2819 1033 2904 signum
1061 2817 1158 2904 hujus
1180 2817 1355 2898 amicitiae,

59 2924 288 2995 conventionis
318 2931 351 2989 et
380 2911 576 2988 concordiae
604 2944 719 2988 manus
742 2923 910 3010 porrigant
938 2923 1064 2989 consuli
1092 2922 1190 2995 totius
1214 2941 1356 2997 commu·

59 3032 174 3098 nitatis
194 3029 302 3096 vicem
335 3028 470 3114 gerenti,
502 3025 636 3092 tandem
665 3027 851 3094 senioribus
874 3027 1124 3112 communitatis,
1140 3025 1355 3115 ,quodetiam

58 3138 219 3219 fecerunt,
241 3132 428 3220 incipiendo
451 3154 471 3198 a
494 3132 599 3220 primo
622 3153 726 3221 usque
748 3132 791 3197 ad
815 3132 975 3202 ultimum.
1246 3138 1250 3144 '
1346 3133 1348 3138 '

145 3239 210 3305 Hic
242 3239 361 3304 iterum
393 3260 452 3325 pro
482 3237 592 3303 futuro
623 3235 735 3303 notum
769 3238 822 3315 sit,
850 3227 935 3326 quod
956 3258 1022 3303 non
1046 3234 1150 3302 solum
1172 3242 1248 3300 ante
1269 3232 1355 3299 hanc

59 3346 234 3428 actionem,
262 3342 320 3408 sed
344 3345 440 3408 etiarn
463 3350 578 3431 postea
599 3364 765 3431 nunquam
779 3345 941 3409 veraciter
967 3341 1222 3431 demonstratum
1246 3337 1352 3420 fuerit,

57 3458 98 3517 ut
119 3449 237 3537 aliquis
275 3448 316 3514 de
348 3446 455 3535 plebe,
489 3448 692 3536 quiscunque
718 3447 850 3513 demum
884 3448 919 3512 in
940 3444 1114 3512 homicidio
1137 3441 1278 3532 quodam
1300 3440 1355 3505 de·

63 3555 247 3644 prehensus
280 3552 387 3636 finerit,
422 3561 455 3617 et
486 3552 564 3619 licet
591 3550 723 3618 tandem
755 3552 907 3641 privatim
930 3551 1064 3640 qnidam
1097 3570 1161 3615 non
1184 3547 1226 3613 de
1248 3543 1360 3635 plebe,-

63 3659 126 3726 sed
144 3659 186 3725 de
207 3656 454 3725 notabilioribus
477 3665 509 3726 et
531 3657 751 3746 superioribus
772 3657 925 3742 dixerint,
949 3654 1121 3745 quodhhae
1144 3653 1259 3733 literae
1281 3671 1359 3717 vere

66 3774 100 3830 et
116 3766 206 3852 juste
227 3786 287 3850 per
308 3784 445 3850 regnum
466 3761 586 3827 missae
607 3761 737 3845 fuerim,
760 3757 819 3828 sed
834 3761 920 3850 qucd
935 3760 1017 3828 haec
1039 3760 1126 3827 dieta
1148 3762 1357 3839 concernunt,

59 3879 95 3935 et
116 3869 178 3934 hae
208 3868 326 3938 literae,
351 3875 476 3933 tantum
509 3867 594 3951 illos,
626 3869 739 3955 qui-se
761 3867 851 3955 ipsos
873 3888 894 3932 a
914 3865 979 3932 fids
1000 3888 1080 3933 vera
1102 3870 1302 3954 separarunt,
1326 3867 1359 3926 et

60 3996 98 4039 se
120 3973 164 4039 ad
184 3974 365 4039 haereticos
389 3981 421 4038 et
442 3973 612 4039 Pilclsartas
636 3980 874 4057 converterunt,
885 4003 894 4021 ν
910 3980 942 4038 et
963 3971 1050 4059 apud
1072 3970 1145 4058 illos
1167 3987 1357 4058 permanse-

59 4087 146 4161 runt,
168 4080 360 4145 nominatim
382 4099 460 4144 vero
482 4077 542 4161 illi,
565 4078 621 4166 qui
644 4080 794 4166 sequenti
816 4079 924 4165 capite
946 4083 1165 4143 recensentur.

146 4184 212 4250 Hic
233 4185 350 4249 iterum
372 4181 550 4248 notandum
570 4192 629 4260 est,
653 4184 739 4271 quod
751 4185 822 4272 jam
836 4183 1047 4263 nesciverint,
1070 4201 1167 4267 quem
1189 4177 1231 4244 (16
1252 4175 1358 4250 homi·
1405 4245 1409 4250 ,

62 4288 150 4356 cidio
174 4288 314 4377 quodam
329 4287 495 4375 inculpare
518 4286 678 4365 debeant3
702 4310 777 4353 cum
798 4288 898 4374 igitur
919 4287 1128 4368 nesciverint,
1162 4295 1259 4372 quem
1280 4301 1359 4346 vere

61 4383 232 4460 nominare
254 4391 451 4458 homicidam
473 4401 615 4480 possent,
639 4415 767 4482 semper
781 4392 868 4458 hunc
890 4401 997 4458 nebim
1020 4389 1140 4456 malum
1163 4388 1303 4462 differre,
1326 4392 1358 4449 ct

62 4500 199 4565 ulterius
233 4519 415 4586 propagare
437 4497 629 4581 debuerunt,
664 4521 759 4587 quem
788 4507 899 4565 tamen
932 4495 1049 4563 nullibi
1073 4497 1164 4585 juste
1193 4491 1358 4580 applicare

59 4611 221 4691 poterant,
256 4624 387 4668 causam
408 4600 588 4667 tribuentes
610 4602 672 4685 his,
696 4602 782 4693 quod
803 4603 838 4668 in
859 4602 925 4668 fide
946 4601 989 4667 ab
1010 4601 1077 4667 illis
1099 4598 1231 4687 quidam
1253 4617 1358 4661 reces-

62 4709 175 4776 serint
215 4707 289 4775 Hcc
311 4705 428 4775 iterum
448 4707 518 4774 risu
540 4705 675 4793 dignum
706 4716 764 4792 est,
795 4706 882 4795 quod
913 4727 1032 4794 nempe
1054 4713 1120 4771 tres
1143 4709 1199 4769 aut
1221 4709 1358 4788 quatuor
