2948 5040
119 156 169 267 h

128 354 273 439 Joannds
314 354 420 457 dicim
440 348 559 436 ltulata
578 390 651 457 ¹pro
688 376 766 433 tunc
798 375 905 432 rector
936 368 1171 446 universitatis,
1203 378 1236 433 et
1266 370 1423 457 magister

127 472 271 542 Thomas
294 472 336 540 de
357 473 534 540 Rakonicz.
577 470 729 540 Examen
750 479 858 537 autem
880 471 942 538 hoo
964 470 1110 539 habitum
1132 472 1192 538 fuit
1214 471 1268 538 die
1290 474 1421 538 veneris

128 587 204 669 post
216 579 440 644 ascensionem
456 574 581 644 Christi
588 625 597 662 ,
610 577 707 643 tertia
729 575 783 643 die
798 583 873 641 ante
881 576 999 642 festum
1022 577 1055 643 S.
1079 576 1233 643 stanislai
1257 575 1419 666 (nniuji),

128 705 212 748 anno
234 693 271 748 ut
293 704 406 771 supra3
431 705 514 771 quae
537 682 647 748 omnia
668 679 767 747 valde
789 680 862 746 fuse
886 679 1061 746 scribenda
1081 679 1196 746 forent.

211 784 294 853 Cum
316 809 393 874 ergo
417 807 513 853 casus
535 786 589 852 hic
611 785 662 850 his
690 785 890 874 temporibus
914 786 958 851 sit
979 782 1075 850 valde
1097 783 1340 866 accommodus,
1364 806 1418 849 ne·

126 892 303 958 cessarium
337 894 435 957 etiam
467 890 529 956 fuit
569 911 641 957 eum
671 890 706 954 in
736 890 885 955 notitiam
915 887 1095 976 perducere
1127 887 1313 953 hominibus
1358 909 1417 974 pro

125 1004 271 1085 tempore
294 995 417 1078 futuro,
450 1016 509 1085 pro
530 1002 704 1081 augmento
733 992 839 1059 laudis
878 1001 910 1058 et
931 992 1063 1058 honoris
1085 992 1169 1075 Dei,
1204 999 1237 1059 et
1268 991 1418 1058 veritatis

130 1101 208 1188 ejus,
234 1108 267 1165 et
282 1122 347 1188 pro
370 1098 593 1165 consolatione
615 1099 759 1165 omnium
783 1096 994 1176 credentium,
1017 1097 1113 1185 hujus
1135 1096 1281 1164 veritatis
1309 1117 1421 1161 aman·

126 1202 222 1287 tium,
254 1226 293 1270 ae
314 1226 373 1293 pro
396 1202 597 1269 desolatione
626 1204 786 1285 omnium,
821 1203 877 1289 qui
899 1224 971 1269 eam
994 1200 1069 1268 odio
1097 1200 1235 1284 habent,
1270 1201 1421 1267 sistentes

127 1308 163 1373 in
184 1308 317 1374 incertis
338 1328 532 1374 araneorum
554 1307 638 1375 telis.

657 1547 814 1617 cAPUT.
839 1549 889 1617 12.

90 1754 93 1759 Δ
128 1698 196 1776 Ubi
234 1712 421 1773 continentur
443 1713 558 1774 articuli
580 1720 683 1774 contra
704 1712 825 1772 comitia
845 1712 1033 1775 universalia
1053 1731 1073 1773 a
1094 1710 1298 1791 Progensibns
1313 1708 1417 1770 selecti

671 1841 700 1892 et
721 1831 874 1913 publicati.

212 2058 337 2124 Eodem
348 2080 434 2125 anno
449 2058 544 2125 etdie
576 2056 985 2145 suprascriptoPragenses
1008 2061 1138 2120 senatus
1160 2051 1345 2119 consultum
1366 2075 1423 2120 no·

128 2163 214 2228 mine
236 2162 334 2229 edicti
355 2164 618 2249 conscripserunt
637 2163 671 2227 in
694 2160 923 2226 communitate
945 2180 1012 2242 sua,
1044 2158 1129 2246 quod
1151 2157 1270 2223 deinde
1291 2157 1327 2225 in
1351 2178 1424 2223 suos

130 2266 271 2333 civitatis
300 2266 401 2333 libros
430 2267 465 2331 in
499 2265 587 2330 curia
619 2263 754 2330 inscribi
772 2265 950 2350 jusserunt,
975 2260 1036 2326 suh
1058 2262 1189 2327 nomine
1210 2261 1345 2344 decreti,
1375 2260 1424 2327 his

129 2371 260 2445 ¹verbis:
283 2369 379 2437 Anno
393 2369 478 2436 1524
492 2368 546 2434 die
567 2368 717 2434 mercurii
740 2365 937 2454 postfestum
950 2365 1220 2431 sanctiStanislai
1241 2364 1308 2453 (11.
1328 2364 1422 2454 Maji)

132 2474 244 2543 consul
257 2482 433 2539 et‘senatus
446 2473 586 2539 civitatis
608 2472 780 2559 Pragensis
789 2471 994 2537 advertentes
1005 2472 1039 2535 in
1062 2471 1291 2536 communitate
1313 2477 1348 2534 et
1367 2491 1425 2557 po·

129 2577 205 2665 pulo
227 2577 385 2664 Pragensi
406 2598 472 2642 non
487 2578 623 2664 exiguas
644 2575 823 2642 discordias
846 2585 975 2641 exortas
988 2597 1069 2658 esse,
1093 2595 1176 2663 quae
1198 2574 1324 2639 ratione
1347 2572 1425 2639 oleri

131 2681 304 2767 Pragensis
315 2681 399 2746 inter
410 2703 445 2745 se
466 2680 563 2747 dirisi
575 2682 652 2747 oriri
674 2689 708 2747 et
728 2680 895 2746 observari
904 2678 1115 2767 incipiebant,
1145 2699 1282 2766 quarum
1303 2675 1424 2744 discor

131 2785 257 2850 diarum
289 2785 440 2850 authores
462 2785 504 2852 de
527 2785 612 2851 clero
634 2787 736 2872 partis
766 2785 826 2852 sub
848 2794 983 2872 utraque
1005 2785 1135 2850 filerunt
1169 2782 1288 2871 (canis)
1311 2781 1426 2850 Gallus

131 2886 380 2971 administrator,
411 2897 444 2953 et
465 2888 662 2955 honorabilis
685 2889 835 2955 sacerdos
865 2888 1033 2972 Martinus,
1055 2897 1136 2954 tuo
1157 2887 1312 2975 temporis
1334 2907 1426 2974 paro·

132 2993 211 3060 chus
234 2995 269 3057 in
289 2991 491 3058 Bethlehem.
535 2991 690 3058 Nolentes
713 3002 831 3075 autem,
855 3000 891 3056 ut
923 2992 1053 3079 aliquos
1075 2990 1248 3057 molestum
1282 2997 1340 3055 aut
1359 3011 1425 3057 ma·

133 3097 200 3163 lum
225 3096 325 3186 (quod
359 3097 508 3162 dominus
538 3097 630 3163 Deus
653 3106 800 3163 avertere
822 3096 986 3183 dignetur)
1008 3094 1080 3160 urbi
1103 3094 1264 3181 Progensi
1285 3094 1329 3161 oh
1344 3093 1425 3161 tales

134 3200 339 3267 diversitates
371 3200 450 3267 cleri
481 3201 515 3265 in
548 3203 795 3267 commotionem
828 3201 1066 3267 communitatis
1088 3201 1257 3265 imminere
1279 3198 1426 3272 debera,

134 3302 248 3370 consul
269 3313 301 3368 et
323 3311 462 3386 senatus,
480 3303 609 3390 judices
630 3305 811 3388 inferiores,
834 3313 866 3369 et
887 3306 1029 3370 seniores
1046 3306 1296 3388 communitatis,
1310 3312 1424 3393 utpote

135 3408 336 3473 consiliarios
367 3429 441 3472 suos
478 3407 540 3473 sibi
561 3407 731 3496 adjunctos
762 3410 797 3474 in
819 3410 909 3474 curia
930 3409 1088 3494 Pragensi
1109 3409 1302 3492 habuerunt,
1326 3417 1361 3475 et
1381 3411 1427 3476 eis

135 3534 187 3578 res
199 3511 280 3577 tales
302 3513 452 3578 intimare
473 3513 717 3580 mandaverunt.
741 3514 807 3579 Die
830 3536 906 3600 ergo
928 3514 1080 3580 mercurii
1089 3522 1164 3601 post
1184 3514 1301 3579 festum
1325 3513 1428 3579 sancti

135 3614 289 3681 Stanislai
312 3614 456 3703 ejusdem
479 3618 556 3681 anni
583 3640 695 3683 omnes
719 3619 754 3682 in
776 3618 865 3683 curia
886 3619 1018 3683 insimul
1048 3628 1246 3706 praesentes,
1271 3617 1428 3705 quasdam

136 3741 291 3807 personas
320 3719 362 3785 de
385 3730 498 3786 senatu
521 3730 553 3786 et
575 3720 756 3787 senioribus
779 3723 1017 3788 communitatis
1039 3722 1082 3788 ad
1104 3722 1248 3808 agendas
1271 3730 1305 3787 et
1325 3721 1428 3810 perle-

136 3823 260 3909 gendas
283 3824 363 3890 tales
387 3847 439 3889 res
474 3835 506 3891 et
528 3826 749 3892 dissensiones
772 3825 948 3913 elegerunt,
972 3837 1005 3893 et
1027 3827 1113 3915 quod
1128 3826 1203 3892 illae
1219 3825 1344 3891 electae
1358 3847 1428 3914 per·

138 3949 237 3992 sonae
267 3938 402 4012 egerunt
424 3937 456 3995 et
485 3929 712 3995 concluserunt
737 3931 835 4019 (quae
858 3931 966 3995 omnia
986 3930 1259 3997 infrasecundum
1281 3929 1429 3996 ordinem

138 4029 301 4118 descripta
324 4034 422 4120 sunt),
444 4032 525 4098 illud
547 4033 588 4098 de
599 4033 764 4100 voluntate
786 4036 875 4122 prius
894 4036 1046 4119 consulis,
1069 4047 1209 4115 senatus,
1232 4043 1266 4100 et
1286 4036 1430 4101 omnium

139 4135 299 4200 seniorum
322 4139 560 4203 communitatis
579 4137 727 4204 omnibus
749 4139 865 4205 incolis
897 4141 1035 4206 civitatis
1058 4141 1230 4228 Pragensis
1253 4138 1384 4205 clericis
1402 4146 1431 4204 et

139 4237 231 4304 laicis
264 4240 446 4306 intimatum
479 4249 545 4324 est,
577 4251 613 4306 ut
636 4263 670 4305 se
692 4243 747 4324 ita,
771 4244 854 4308 sicut
876 4243 929 4308 hic
951 4244 1135 4310 decernitur
1157 4253 1190 4310 et
1210 4242 1372 4319 scribitur,
1402 4249 1432 4307 et

139 4365 204 4408 non
227 4343 328 4428 aliter,
353 4344 412 4410 sub
434 4345 510 4427 fide,
532 4345 574 4410 ad
596 4346 676 4410 haec
698 4345 818 4413 dictata
840 4356 969 4432 gerant:

769 4454 783 4516 1

226 4549 322 4630 Quod
343 4550 476 4616 difficile
500 4554 541 4618 sit
557 4553 712 4641 populum
729 4553 770 4620 de
785 4501 836 4620 his
851 4553 1012 4621 abducere
1047 4565 1079 4621 et
1093 4555 1291 4640 dissuadere,
1314 4554 1433 4644 quibus

137 4652 208 4743 jam
230 4652 331 4719 semel
351 4655 498 4738 accessit,
521 4664 553 4722 et
576 4655 640 4722 sibi
661 4679 719 4744 pro
748 4659 859 4744 agnita
880 4661 1073 4725 necessitate
1096 4661 1271 4738 constituit,
1294 4661 1381 4726 simu
1398 4666 1436 4724 et

133 4753 269 4825 eosdem
300 4756 452 4824 homines
483 4758 525 4826 ad
557 4759 681 4858 aliquid
709 4760 871 4830 adducere
900 4772 933 4830 et
964 4763 1159 4859 persuadere
1187 4762 1286 4852 aliud,
1307 4784 1363 4831 roa
1385 4770 1435 4832 est
