<?xml version="1.0" encoding="UTF-8"?>
<!DOCTYPE html PUBLIC "-//W3C//DTD XHTML 1.0 Transitional//EN"
    "http://www.w3.org/TR/xhtml1/DTD/xhtml1-transitional.dtd">
<html xmlns="http://www.w3.org/1999/xhtml" xml:lang="en" lang="en">
 <head>
  <title>
</title>
<meta http-equiv="Content-Type" content="text/html;charset=utf-8" />
  <meta name='ocr-system' content='tesseract 3.04.00' />
  <meta name='ocr-capabilities' content='ocr_page ocr_carea ocr_par ocr_line ocrx_word'/>
</head>
<body>
  <div class='ocr_page' id='page_1' title='image "./desbartholomusv00bartgoog_0171.png"; bbox 0 0 2948 5040; ppageno 0'>
   <div class='ocr_carea' id='block_1_1' title="bbox 89 169 154 240">
    <p class='ocr_par' dir='ltr' id='par_1_1' title="bbox 89 169 154 240">
     <span class='ocr_line' id='line_1_1' title="bbox 89 169 154 240; baseline 0.046 -3"><span class='ocrx_word' id='word_1_1' title='bbox 89 169 154 240; x_wconf 78' lang='lat'>&#39;148</span> 
     </span>
    </p>
   </div>
   <div class='ocr_carea' id='block_1_2' title="bbox 83 337 1385 4815">
    <p class='ocr_par' dir='ltr' id='par_1_2' title="bbox 83 337 1385 2728">
     <span class='ocr_line' id='line_1_2' title="bbox 87 337 1385 431; baseline -0.002 -21"><span class='ocrx_word' id='word_1_2' title='bbox 87 367 150 410; x_wconf 87' lang='lat' dir='ltr'>nec</span> <span class='ocrx_word' id='word_1_3' title='bbox 171 343 355 431; x_wconf 85' lang='lat' dir='ltr'>epiecopus,</span> <span class='ocrx_word' id='word_1_4' title='bbox 377 362 440 406; x_wconf 91' lang='lat' dir='ltr'>nec</span> <span class='ocrx_word' id='word_1_5' title='bbox 461 342 645 429; x_wconf 90' lang='lat' dir='ltr'>imperator,</span> <span class='ocrx_word' id='word_1_6' title='bbox 668 360 729 403; x_wconf 89' lang='lat' dir='ltr'>nec</span> <span class='ocrx_word' id='word_1_7' title='bbox 751 360 821 422; x_wconf 87' lang='lat' dir='ltr'>rex,</span> <span class='ocrx_word' id='word_1_8' title='bbox 845 339 910 404; x_wconf 90' lang='lat' dir='ltr'>imo</span> <span class='ocrx_word' id='word_1_9' title='bbox 932 337 1055 422; x_wconf 90' lang='lat' dir='ltr'>dubito,</span> <span class='ocrx_word' id='word_1_10' title='bbox 1078 340 1167 426; x_wconf 91' lang='lat' dir='ltr'>quin,</span> <span class='ocrx_word' id='word_1_11' title='bbox 1183 342 1385 428; x_wconf 83' lang='lat' dir='ltr'>tumagister</span> 
     </span>
     <span class='ocr_line' id='line_1_3' title="bbox 87 443 1381 533; baseline -0.003 -19"><span class='ocrx_word' id='word_1_12' title='bbox 87 447 193 531; x_wconf 80' lang='lat' dir='ltr'><strong>Galle,</strong></span> <span class='ocrx_word' id='word_1_13' title='bbox 217 468 291 513; x_wconf 92' lang='lat' dir='ltr'>cum</span> <span class='ocrx_word' id='word_1_14' title='bbox 314 446 442 513; x_wconf 78' lang='lat' dir='ltr'>clericis</span> <span class='ocrx_word' id='word_1_15' title='bbox 464 446 528 511; x_wconf 91' lang='lat' dir='ltr'>tuis</span> <span class='ocrx_word' id='word_1_16' title='bbox 550 443 592 508; x_wconf 82' lang='lat' dir='ltr'>&#39;dc</span> <span class='ocrx_word' id='word_1_17' title='bbox 616 465 653 508; x_wconf 89' lang='lat' dir='ltr'>ea</span> <span class='ocrx_word' id='word_1_18' title='bbox 673 465 780 531; x_wconf 89' lang='lat' dir='ltr'>pauca</span> <span class='ocrx_word' id='word_1_19' title='bbox 802 444 998 532; x_wconf 89' lang='lat' dir='ltr'>possideatis</span> <span class='ocrx_word' id='word_1_20' title='bbox 1032 451 1065 508; x_wconf 89' lang='lat' dir='ltr'>et</span> <span class='ocrx_word' id='word_1_21' title='bbox 1087 446 1236 531; x_wconf 86' lang='lat' dir='ltr'>quamvis</span> <span class='ocrx_word' id='word_1_22' title='bbox 1252 445 1381 533; x_wconf 89' lang='lat' dir='ltr'>jactan-</span> 
     </span>
     <span class='ocr_line' id='line_1_4' title="bbox 87 546 1384 632; baseline -0.001 -17"><span class='ocrx_word' id='word_1_23' title='bbox 87 553 132 616; x_wconf 89' lang='lat' dir='ltr'>tia</span> <span class='ocrx_word' id='word_1_24' title='bbox 145 551 264 616; x_wconf 88' lang='lat' dir='ltr'>Vestra</span> <span class='ocrx_word' id='word_1_25' title='bbox 284 550 434 616; x_wconf 81' lang='lat' dir='ltr'>audiatur</span> <span class='ocrx_word' id='word_1_26' title='bbox 455 571 475 614; x_wconf 87' lang='lat' dir='ltr'>a</span> <span class='ocrx_word' id='word_1_27' title='bbox 496 547 599 614; x_wconf 84' lang='lat' dir='ltr'>Vobis</span> <span class='ocrx_word' id='word_1_28' title='bbox 623 546 741 612; x_wconf 90' lang='lat' dir='ltr'>multos</span> <span class='ocrx_word' id='word_1_29' title='bbox 764 547 807 612; x_wconf 91' lang='lat' dir='ltr'>ad</span> <span class='ocrx_word' id='word_1_30' title='bbox 827 547 925 613; x_wconf 90' lang='lat' dir='ltr'>fidem</span> <span class='ocrx_word' id='word_1_31' title='bbox 946 548 1047 613; x_wconf 83' lang='lat' dir='ltr'>fuisse</span> <span class='ocrx_word' id='word_1_32' title='bbox 1070 556 1213 632; x_wconf 87' lang='lat' dir='ltr'>coactos,</span> <span class='ocrx_word' id='word_1_33' title='bbox 1236 548 1298 614; x_wconf 87' lang='lat' dir='ltr'>illa</span> <span class='ocrx_word' id='word_1_34' title='bbox 1324 571 1384 614; x_wconf 89' lang='lat' dir='ltr'>au-</span> 
     </span>
     <span class='ocr_line' id='line_1_5' title="bbox 88 650 1384 738; baseline -0.001 -18"><span class='ocrx_word' id='word_1_35' title='bbox 88 663 154 720; x_wconf 91' lang='lat' dir='ltr'>tem</span> <span class='ocrx_word' id='word_1_36' title='bbox 165 675 232 719; x_wconf 91' lang='lat' dir='ltr'>non</span> <span class='ocrx_word' id='word_1_37' title='bbox 243 653 318 738; x_wconf 91' lang='lat' dir='ltr'>Dei,</span> <span class='ocrx_word' id='word_1_38' title='bbox 342 654 400 719; x_wconf 90' lang='lat' dir='ltr'>sed</span> <span class='ocrx_word' id='word_1_39' title='bbox 422 654 542 721; x_wconf 87' lang='lat' dir='ltr'>Vestra</span> <span class='ocrx_word' id='word_1_40' title='bbox 563 653 645 718; x_wconf 90' lang='lat' dir='ltr'>haec</span> <span class='ocrx_word' id='word_1_41' title='bbox 668 660 718 717; x_wconf 89' lang='lat' dir='ltr'>est</span> <span class='ocrx_word' id='word_1_42' title='bbox 738 650 829 736; x_wconf 86' lang='lat' dir='ltr'>fides,</span> <span class='ocrx_word' id='word_1_43' title='bbox 853 662 971 731; x_wconf 90' lang='lat' dir='ltr'>metuo,</span> <span class='ocrx_word' id='word_1_44' title='bbox 1000 674 1043 719; x_wconf 89' lang='lat' dir='ltr'>ne</span> <span class='ocrx_word' id='word_1_45' title='bbox 1055 652 1252 719; x_wconf 87' lang='lat' dir='ltr'>concordent</span> <span class='ocrx_word' id='word_1_46' title='bbox 1268 653 1384 720; x_wconf 90' lang='lat' dir='ltr'>Vobis·</span> 
     </span>
     <span class='ocr_line' id='line_1_6' title="bbox 88 755 1384 844; baseline 0 -20"><span class='ocrx_word' id='word_1_47' title='bbox 88 780 161 824; x_wconf 93' lang='lat' dir='ltr'>cum</span> <span class='ocrx_word' id='word_1_48' title='bbox 182 757 282 824; x_wconf 84' lang='lat' dir='ltr'>verba</span> <span class='ocrx_word' id='word_1_49' title='bbox 305 756 426 824; x_wconf 75' lang='lat' dir='ltr'>christi</span> <span class='ocrx_word' id='word_1_50' title='bbox 438 757 569 823; x_wconf 89' lang='lat' dir='ltr'>Domini</span> <span class='ocrx_word' id='word_1_51' title='bbox 595 758 630 821; x_wconf 93' lang='lat' dir='ltr'>in</span> <span class='ocrx_word' id='word_1_52' title='bbox 652 765 743 820; x_wconf 88' lang='lat' dir='ltr'>textu</span> <span class='ocrx_word' id='word_1_53' title='bbox 767 755 799 821; x_wconf 89' lang='lat' dir='ltr'>S.</span> <span class='ocrx_word' id='word_1_54' title='bbox 812 755 954 824; x_wconf 88' lang='lat' dir='ltr'>Mathaei</span> <span class='ocrx_word' id='word_1_55' title='bbox 983 778 1054 844; x_wconf 90' lang='lat' dir='ltr'>cap.</span> <span class='ocrx_word' id='word_1_56' title='bbox 1082 758 1146 823; x_wconf 79' lang='lat'>23:</span> <span class='ocrx_word' id='word_1_57' title='bbox 1171 756 1263 842; x_wconf 87' lang='lat' dir='ltr'>,Vae</span> <span class='ocrx_word' id='word_1_58' title='bbox 1286 756 1384 824; x_wconf 89' lang='lat' dir='ltr'>Vobis</span> 
     </span>
     <span class='ocr_line' id='line_1_7' title="bbox 90 848 1383 950; baseline -0.001 -22"><span class='ocrx_word' id='word_1_59' title='bbox 90 862 237 948; x_wconf 81' lang='lat' dir='ltr'>magistri</span> <span class='ocrx_word' id='word_1_60' title='bbox 274 871 313 927; x_wconf 84' lang='lat' dir='ltr'>et</span> <span class='ocrx_word' id='word_1_61' title='bbox 346 862 455 948; x_wconf 89' lang='lat' dir='ltr'>legum</span> <span class='ocrx_word' id='word_1_62' title='bbox 487 865 698 926; x_wconf 78' lang='lat' dir='ltr'>instructores</span> <span class='ocrx_word' id='word_1_63' title='bbox 729 859 926 948; x_wconf 84' lang='lat' dir='ltr'>hypocritae,</span> <span class='ocrx_word' id='word_1_64' title='bbox 961 864 1016 950; x_wconf 92' lang='lat' dir='ltr'>qui</span> <span class='ocrx_word' id='word_1_65' title='bbox 1052 848 1230 927; x_wconf 86' lang='lat' dir='ltr'>circumitis</span> <span class='ocrx_word' id='word_1_66' title='bbox 1264 871 1383 929; x_wconf 88' lang='lat' dir='ltr'>terram</span> 
     </span>
     <span class='ocr_line' id='line_1_8' title="bbox 89 963 1382 1054; baseline -0.001 -22"><span class='ocrx_word' id='word_1_67' title='bbox 89 989 251 1054; x_wconf 87' lang='lat' dir='ltr'>mareque,</span> <span class='ocrx_word' id='word_1_68' title='bbox 285 975 322 1031; x_wconf 93' lang='lat' dir='ltr'>ut</span> <span class='ocrx_word' id='word_1_69' title='bbox 342 989 441 1032; x_wconf 90' lang='lat' dir='ltr'>unum</span> <span class='ocrx_word' id='word_1_70' title='bbox 467 965 617 1030; x_wconf 88' lang='lat' dir='ltr'>efficiatis</span> <span class='ocrx_word' id='word_1_71' title='bbox 638 986 758 1029; x_wconf 90' lang='lat' dir='ltr'>novum</span> <span class='ocrx_word' id='word_1_72' title='bbox 781 963 976 1048; x_wconf 83' lang='lat' dir='ltr'>credentem,</span> <span class='ocrx_word' id='word_1_73' title='bbox 1011 976 1043 1033; x_wconf 92' lang='lat' dir='ltr'>et</span> <span class='ocrx_word' id='word_1_74' title='bbox 1065 965 1143 1031; x_wconf 92' lang='lat' dir='ltr'>dum</span> <span class='ocrx_word' id='word_1_75' title='bbox 1164 965 1219 1031; x_wconf 85' lang='lat' dir='ltr'>hic¹</span> <span class='ocrx_word' id='word_1_76' title='bbox 1250 967 1382 1033; x_wconf 86' lang='lat' dir='ltr'>effectus</span> 
     </span>
     <span class='ocr_line' id='line_1_9' title="bbox 89 1066 1381 1155; baseline -0.001 -19"><span class='ocrx_word' id='word_1_77' title='bbox 89 1072 195 1155; x_wconf 89' lang='lat' dir='ltr'>fuerit,</span> <span class='ocrx_word' id='word_1_78' title='bbox 220 1070 368 1154; x_wconf 89' lang='lat' dir='ltr'>eundern,</span> <span class='ocrx_word' id='word_1_79' title='bbox 391 1079 426 1134; x_wconf 88' lang='lat' dir='ltr'>ut</span> <span class='ocrx_word' id='word_1_80' title='bbox 447 1069 533 1134; x_wconf 90' lang='lat' dir='ltr'>filius</span> <span class='ocrx_word' id='word_1_81' title='bbox 556 1066 845 1150; x_wconf 82' lang='lat' dir='ltr'>damnationissit,</span> <span class='ocrx_word' id='word_1_82' title='bbox 869 1070 1063 1155; x_wconf 75' lang='lat' dir='ltr'>perducetis</span> <span class='ocrx_word' id='word_1_83' title='bbox 1088 1068 1276 1154; x_wconf 87' lang='lat' dir='ltr'>Vaevobis,</span> <span class='ocrx_word' id='word_1_84' title='bbox 1295 1073 1381 1137; x_wconf 90' lang='lat' dir='ltr'>coeci</span> 
     </span>
     <span class='ocr_line' id='line_1_10' title="bbox 87 1164 1382 1263; baseline -0.001 -21"><span class='ocrx_word' id='word_1_85' title='bbox 87 1177 197 1253; x_wconf 88' lang='lat' dir='ltr'>duces,</span> <span class='ocrx_word' id='word_1_86' title='bbox 241 1182 319 1263; x_wconf 92' lang='lat' dir='ltr'>quot</span> <span class='ocrx_word' id='word_1_87' title='bbox 348 1176 473 1240; x_wconf 89' lang='lat' dir='ltr'>animas</span> <span class='ocrx_word' id='word_1_88' title='bbox 496 1174 652 1239; x_wconf 86' lang='lat' dir='ltr'>humanae</span> <span class='ocrx_word' id='word_1_89' title='bbox 677 1171 831 1237; x_wconf 83' lang='lat' dir='ltr'>seducitis</span> <span class='ocrx_word' id='word_1_90' title='bbox 864 1175 899 1238; x_wconf 90' lang='lat' dir='ltr'>in</span> <span class='ocrx_word' id='word_1_91' title='bbox 933 1164 1067 1258; x_wconf 82' lang='lat' dir='ltr'>errores,</span> <span class='ocrx_word' id='word_1_92' title='bbox 1112 1174 1277 1259; x_wconf 81' lang='lat' dir='ltr'>haereses,</span> <span class='ocrx_word' id='word_1_93' title='bbox 1316 1175 1382 1241; x_wconf 93' lang='lat' dir='ltr'>ido·</span> 
     </span>
     <span class='ocr_line' id='line_1_11' title="bbox 89 1276 1379 1368; baseline -0.002 -22"><span class='ocrx_word' id='word_1_94' title='bbox 89 1280 210 1363; x_wconf 85' lang='lat' dir='ltr'>latriae,</span> <span class='ocrx_word' id='word_1_95' title='bbox 234 1288 270 1346; x_wconf 80' lang='lat' dir='ltr'>et&#39;</span> <span class='ocrx_word' id='word_1_96' title='bbox 288 1280 418 1345; x_wconf 87' lang='lat' dir='ltr'>tandem</span> <span class='ocrx_word' id='word_1_97' title='bbox 442 1280 476 1344; x_wconf 91' lang='lat' dir='ltr'>in</span> <span class='ocrx_word' id='word_1_98' title='bbox 499 1278 749 1360; x_wconf 89' lang='lat' dir='ltr'>damnationem,</span> <span class='ocrx_word' id='word_1_99' title='bbox 783 1276 860 1342; x_wconf 93' lang='lat' dir='ltr'>dum</span> <span class='ocrx_word' id='word_1_100' title='bbox 882 1287 993 1344; x_wconf 87' lang='lat' dir='ltr'>contra</span> <span class='ocrx_word' id='word_1_101' title='bbox 1015 1279 1219 1368; x_wconf 79' lang='lat' dir='ltr'>scripturam·</span> <span class='ocrx_word' id='word_1_102' title='bbox 1244 1302 1379 1366; x_wconf 88' lang='lat' dir='ltr'>sacram,</span> 
     </span>
     <span class='ocr_line' id='line_1_12' title="bbox 90 1380 1381 1472; baseline -0.002 -21"><span class='ocrx_word' id='word_1_103' title='bbox 90 1393 202 1451; x_wconf 87' lang='lat' dir='ltr'>contra</span> <span class='ocrx_word' id='word_1_104' title='bbox 223 1383 330 1470; x_wconf 86' lang='lat' dir='ltr'>legem</span> <span class='ocrx_word' id='word_1_105' title='bbox 352 1382 427 1465; x_wconf 89' lang='lat' dir='ltr'>Dei,</span> <span class='ocrx_word' id='word_1_106' title='bbox 462 1393 574 1449; x_wconf 89' lang='lat' dir='ltr'>contra</span> <span class='ocrx_word' id='word_1_107' title='bbox 603 1385 761 1448; x_wconf 90' lang='lat' dir='ltr'>intentum</span> <span class='ocrx_word' id='word_1_108' title='bbox 785 1380 907 1449; x_wconf 80' lang='lat' dir='ltr'>Christi</span> <span class='ocrx_word' id='word_1_109' title='bbox 929 1384 1071 1462; x_wconf 88' lang='lat' dir='ltr'>Domini,</span> <span class='ocrx_word' id='word_1_110' title='bbox 1108 1391 1141 1449; x_wconf 92' lang='lat' dir='ltr'>et</span> <span class='ocrx_word' id='word_1_111' title='bbox 1170 1392 1286 1449; x_wconf 90' lang='lat' dir='ltr'>contra</span> <span class='ocrx_word' id='word_1_112' title='bbox 1307 1406 1381 1472; x_wconf 88' lang='lat' dir='ltr'>pro·</span> 
     </span>
     <span class='ocr_line' id='line_1_13' title="bbox 93 1486 1380 1578; baseline 0 -24"><span class='ocrx_word' id='word_1_113' title='bbox 93 1491 198 1578; x_wconf 89' lang='lat' dir='ltr'>priam</span> <span class='ocrx_word' id='word_1_114' title='bbox 232 1489 463 1554; x_wconf 89' lang='lat' dir='ltr'>conscientiam</span> <span class='ocrx_word' id='word_1_115' title='bbox 500 1511 589 1554; x_wconf 89' lang='lat' dir='ltr'>suam</span> <span class='ocrx_word' id='word_1_116' title='bbox 622 1486 762 1576; x_wconf 91' lang='lat' dir='ltr'>populus</span> <span class='ocrx_word' id='word_1_117' title='bbox 784 1487 878 1553; x_wconf 87' lang='lat' dir='ltr'>vobis</span> <span class='ocrx_word' id='word_1_118' title='bbox 900 1489 1032 1554; x_wconf 90' lang='lat' dir='ltr'>credere</span> <span class='ocrx_word' id='word_1_119' title='bbox 1055 1487 1164 1571; x_wconf 89' lang='lat' dir='ltr'>debet,</span> <span class='ocrx_word' id='word_1_120' title='bbox 1196 1496 1297 1577; x_wconf 93' lang='lat' dir='ltr'>prout</span> <span class='ocrx_word' id='word_1_121' title='bbox 1324 1510 1380 1554; x_wconf 87' lang='lat' dir='ltr'>vos</span> 
     </span>
     <span class='ocr_line' id='line_1_14' title="bbox 83 1592 1382 1682; baseline -0.002 -22"><span class='ocrx_word' id='word_1_122' title='bbox 83 1595 162 1680; x_wconf 31' lang='lat' dir='ltr'>&lt;ipsi</span> <span class='ocrx_word' id='word_1_123' title='bbox 182 1592 303 1677; x_wconf 83' lang='lat' dir='ltr'>vultis3</span> <span class='ocrx_word' id='word_1_124' title='bbox 338 1614 434 1658; x_wconf 91' lang='lat' dir='ltr'>omne</span> <span class='ocrx_word' id='word_1_125' title='bbox 456 1595 552 1676; x_wconf 87' lang='lat' dir='ltr'>enim,</span> <span class='ocrx_word' id='word_1_126' title='bbox 588 1594 674 1680; x_wconf 91' lang='lat' dir='ltr'>quod</span> <span class='ocrx_word' id='word_1_127' title='bbox 708 1594 750 1659; x_wconf 93' lang='lat' dir='ltr'>de</span> <span class='ocrx_word' id='word_1_128' title='bbox 771 1593 835 1659; x_wconf 90' lang='lat' dir='ltr'>fide</span> <span class='ocrx_word' id='word_1_129' title='bbox 857 1616 922 1660; x_wconf 94' lang='lat' dir='ltr'>non</span> <span class='ocrx_word' id='word_1_130' title='bbox 946 1602 1004 1678; x_wconf 87' lang='lat' dir='ltr'>est,</span> <span class='ocrx_word' id='word_1_131' title='bbox 1026 1602 1197 1682; x_wconf 88' lang='lat' dir='ltr'>peccatum</span> <span class='ocrx_word' id='word_1_132' title='bbox 1220 1601 1279 1660; x_wconf 87' lang='lat' dir='ltr'>est</span> <span class='ocrx_word' id='word_1_133' title='bbox 1316 1592 1382 1658; x_wconf 84' lang='lat' dir='ltr'>Vae</span> 
     </span>
     <span class='ocr_line' id='line_1_15' title="bbox 84 1697 1382 1787; baseline 0 -24"><span class='ocrx_word' id='word_1_134' title='bbox 84 1697 197 1764; x_wconf 85' lang='lat' dir='ltr'>&#39;Vobis</span> <span class='ocrx_word' id='word_1_135' title='bbox 231 1699 381 1784; x_wconf 81' lang='lat' dir='ltr'>magistri</span> <span class='ocrx_word' id='word_1_136' title='bbox 414 1707 446 1764; x_wconf 90' lang='lat' dir='ltr'>et</span> <span class='ocrx_word' id='word_1_137' title='bbox 467 1698 576 1784; x_wconf 90' lang='lat' dir='ltr'>legum</span> <span class='ocrx_word' id='word_1_138' title='bbox 598 1700 818 1782; x_wconf 88' lang='lat' dir='ltr'>instructores,</span> <span class='ocrx_word' id='word_1_139' title='bbox 853 1699 1051 1787; x_wconf 85' lang='lat' dir='ltr'>hypocritae,</span> <span class='ocrx_word' id='word_1_140' title='bbox 1080 1699 1134 1784; x_wconf 89' lang='lat' dir='ltr'>qui</span> <span class='ocrx_word' id='word_1_141' title='bbox 1158 1719 1299 1782; x_wconf 89' lang='lat' dir='ltr'>regnum</span> <span class='ocrx_word' id='word_1_142' title='bbox 1321 1698 1382 1763; x_wconf 88' lang='lat' dir='ltr'>Dei</span> 
     </span>
     <span class='ocr_line' id='line_1_16' title="bbox 92 1802 1383 1895; baseline -0.003 -24"><span class='ocrx_word' id='word_1_143' title='bbox 92 1804 262 1871; x_wconf 83' lang='lat' dir='ltr'>occluditis</span> <span class='ocrx_word' id='word_1_144' title='bbox 273 1805 404 1893; x_wconf 87' lang='lat' dir='ltr'>populo,</span> <span class='ocrx_word' id='word_1_145' title='bbox 428 1814 462 1870; x_wconf 88' lang='lat' dir='ltr'>et</span> <span class='ocrx_word' id='word_1_146' title='bbox 476 1827 539 1892; x_wconf 91' lang='lat' dir='ltr'>quo</span> <span class='ocrx_word' id='word_1_147' title='bbox 552 1807 683 1895; x_wconf 89' lang='lat' dir='ltr'>ipsimet</span> <span class='ocrx_word' id='word_1_148' title='bbox 697 1829 763 1871; x_wconf 93' lang='lat' dir='ltr'>non</span> <span class='ocrx_word' id='word_1_149' title='bbox 775 1807 914 1886; x_wconf 88' lang='lat' dir='ltr'>intratis,</span> <span class='ocrx_word' id='word_1_150' title='bbox 938 1803 1029 1886; x_wconf 90' lang='lat' dir='ltr'>alios,</span> <span class='ocrx_word' id='word_1_151' title='bbox 1043 1803 1097 1890; x_wconf 92' lang='lat' dir='ltr'>qui</span> <span class='ocrx_word' id='word_1_152' title='bbox 1110 1803 1233 1866; x_wconf 86' lang='lat' dir='ltr'>intrare</span> <span class='ocrx_word' id='word_1_153' title='bbox 1252 1802 1383 1885; x_wconf 85' lang='lat' dir='ltr'>vellent,</span> 
     </span>
     <span class='ocr_line' id='line_1_17' title="bbox 90 1900 1385 1998; baseline -0.004 -21"><span class='ocrx_word' id='word_1_154' title='bbox 90 1933 128 1977; x_wconf 92' lang='lat' dir='ltr'>eo</span> <span class='ocrx_word' id='word_1_155' title='bbox 151 1912 323 1998; x_wconf 89' lang='lat' dir='ltr'>pervenire</span> <span class='ocrx_word' id='word_1_156' title='bbox 347 1933 412 1975; x_wconf 91' lang='lat' dir='ltr'>non</span> <span class='ocrx_word' id='word_1_157' title='bbox 436 1911 636 1975; x_wconf 86' lang='lat' dir='ltr'>admittitis.“</span> <span class='ocrx_word' id='word_1_158' title='bbox 660 1910 736 1976; x_wconf 87' lang='lat' dir='ltr'>Jam</span> <span class='ocrx_word' id='word_1_159' title='bbox 756 1910 841 1976; x_wconf 88' lang='lat' dir='ltr'>ultre</span> <span class='ocrx_word' id='word_1_160' title='bbox 864 1930 984 1974; x_wconf 92' lang='lat' dir='ltr'>annum</span> <span class='ocrx_word' id='word_1_161' title='bbox 1007 1905 1184 1972; x_wconf 90' lang='lat' dir='ltr'>secundum</span> <span class='ocrx_word' id='word_1_162' title='bbox 1206 1900 1310 1971; x_wconf 89' lang='lat' dir='ltr'>fidem</span> <span class='ocrx_word' id='word_1_163' title='bbox 1334 1906 1385 1972; x_wconf 93' lang='lat' dir='ltr'>do·</span> 
     </span>
     <span class='ocr_line' id='line_1_18' title="bbox 90 2009 1384 2104; baseline -0.003 -23"><span class='ocrx_word' id='word_1_164' title='bbox 90 2017 180 2099; x_wconf 90' lang='lat' dir='ltr'>cetis,</span> <span class='ocrx_word' id='word_1_165' title='bbox 202 2014 422 2104; x_wconf 90' lang='lat' dir='ltr'>populumque</span> <span class='ocrx_word' id='word_1_166' title='bbox 444 2017 489 2080; x_wconf 91' lang='lat' dir='ltr'>ita</span> <span class='ocrx_word' id='word_1_167' title='bbox 512 2015 738 2100; x_wconf 87' lang='lat' dir='ltr'>conturbastis,</span> <span class='ocrx_word' id='word_1_168' title='bbox 763 2015 849 2104; x_wconf 91' lang='lat' dir='ltr'>quod</span> <span class='ocrx_word' id='word_1_169' title='bbox 871 2016 1010 2102; x_wconf 84' lang='lat' dir='ltr'>ignoret,</span> <span class='ocrx_word' id='word_1_170' title='bbox 1035 2032 1117 2099; x_wconf 88' lang='lat' dir='ltr'>quae</span> <span class='ocrx_word' id='word_1_171' title='bbox 1141 2032 1240 2097; x_wconf 86' lang='lat' dir='ltr'>agere</span> <span class='ocrx_word' id='word_1_172' title='bbox 1258 2009 1384 2095; x_wconf 87' lang='lat' dir='ltr'>debeat,</span> 
     </span>
     <span class='ocr_line' id='line_1_19' title="bbox 90 2114 1382 2208; baseline -0.004 -21"><span class='ocrx_word' id='word_1_173' title='bbox 90 2120 207 2187; x_wconf 89' lang='lat' dir='ltr'>Vestro</span> <span class='ocrx_word' id='word_1_174' title='bbox 230 2119 380 2207; x_wconf 87' lang='lat' dir='ltr'>dogmate</span> <span class='ocrx_word' id='word_1_175' title='bbox 402 2119 485 2185; x_wconf 86' lang='lat' dir='ltr'>falso</span> <span class='ocrx_word' id='word_1_176' title='bbox 508 2119 635 2185; x_wconf 87' lang='lat' dir='ltr'>ductus.</span> <span class='ocrx_word' id='word_1_177' title='bbox 669 2120 766 2187; x_wconf 89' lang='lat' dir='ltr'>Anno</span> <span class='ocrx_word' id='word_1_178' title='bbox 791 2118 1000 2208; x_wconf 88' lang='lat' dir='ltr'>praecedenti</span> <span class='ocrx_word' id='word_1_179' title='bbox 1022 2114 1236 2204; x_wconf 86' lang='lat' dir='ltr'>praedicastis</span> <span class='ocrx_word' id='word_1_180' title='bbox 1274 2125 1382 2182; x_wconf 87' lang='lat' dir='ltr'>contra</span> 
     </span>
     <span class='ocr_line' id='line_1_20' title="bbox 89 2217 1381 2314; baseline -0.004 -25"><span class='ocrx_word' id='word_1_181' title='bbox 89 2246 218 2312; x_wconf 85' lang='lat' dir='ltr'>papam,</span> <span class='ocrx_word' id='word_1_182' title='bbox 237 2223 480 2300; x_wconf 84' lang='lat' dir='ltr'>Antichristum,</span> <span class='ocrx_word' id='word_1_183' title='bbox 503 2223 660 2310; x_wconf 87' lang='lat' dir='ltr'>bellusm;</span> <span class='ocrx_word' id='word_1_184' title='bbox 686 2248 770 2291; x_wconf 89' lang='lat' dir='ltr'>anno</span> <span class='ocrx_word' id='word_1_185' title='bbox 784 2231 957 2314; x_wconf 89' lang='lat' dir='ltr'>praesente</span> <span class='ocrx_word' id='word_1_186' title='bbox 978 2243 1056 2287; x_wconf 89' lang='lat' dir='ltr'>vero</span> <span class='ocrx_word' id='word_1_187' title='bbox 1069 2217 1219 2285; x_wconf 91' lang='lat' dir='ltr'>estisfilii</span> <span class='ocrx_word' id='word_1_188' title='bbox 1235 2220 1381 2306; x_wconf 83' lang='lat' dir='ltr'>ejusdcm</span> 
     </span>
     <span class='ocr_line' id='line_1_21' title="bbox 91 2322 1383 2418; baseline -0.002 -25"><span class='ocrx_word' id='word_1_189' title='bbox 91 2328 290 2410; x_wconf 82' lang='lat' dir='ltr'>charissimi,</span> <span class='ocrx_word' id='word_1_190' title='bbox 310 2327 491 2393; x_wconf 90' lang='lat' dir='ltr'>membrum</span> <span class='ocrx_word' id='word_1_191' title='bbox 514 2328 734 2394; x_wconf 90' lang='lat' dir='ltr'>membrorum</span> <span class='ocrx_word' id='word_1_192' title='bbox 757 2331 836 2418; x_wconf 90' lang='lat' dir='ltr'>ejus.</span> <span class='ocrx_word' id='word_1_193' title='bbox 872 2331 968 2395; x_wconf 90' lang='lat' dir='ltr'>Nunc</span> <span class='ocrx_word' id='word_1_194' title='bbox 989 2326 1072 2391; x_wconf 86' lang='lat' dir='ltr'>forte</span> <span class='ocrx_word' id='word_1_195' title='bbox 1089 2324 1159 2411; x_wconf 89' lang='lat' dir='ltr'>jam</span> <span class='ocrx_word' id='word_1_196' title='bbox 1183 2322 1313 2390; x_wconf 89' lang='lat' dir='ltr'>calcem</span> <span class='ocrx_word' id='word_1_197' title='bbox 1335 2347 1383 2412; x_wconf 91' lang='lat' dir='ltr'>pe·</span> 
     </span>
     <span class='ocr_line' id='line_1_22' title="bbox 92 2427 1380 2523; baseline -0.001 -27"><span class='ocrx_word' id='word_1_198' title='bbox 92 2431 170 2496; x_wconf 93' lang='lat' dir='ltr'>dum</span> <span class='ocrx_word' id='word_1_199' title='bbox 203 2432 349 2520; x_wconf 85' lang='lat' dir='ltr'>ejusdem</span> <span class='ocrx_word' id='word_1_200' title='bbox 383 2432 572 2498; x_wconf 89' lang='lat' dir='ltr'>oscularetis</span> <span class='ocrx_word' id='word_1_201' title='bbox 605 2434 646 2499; x_wconf 94' lang='lat' dir='ltr'>ob</span> <span class='ocrx_word' id='word_1_202' title='bbox 677 2435 887 2522; x_wconf 85' lang='lat' dir='ltr'>temporalem</span> <span class='ocrx_word' id='word_1_203' title='bbox 920 2428 1141 2523; x_wconf 86' lang='lat' dir='ltr'>praehendam</span> <span class='ocrx_word' id='word_1_204' title='bbox 1181 2434 1215 2491; x_wconf 90' lang='lat' dir='ltr'>et</span> <span class='ocrx_word' id='word_1_205' title='bbox 1258 2427 1380 2495; x_wconf 87' lang='lat' dir='ltr'>laudem</span> 
     </span>
     <span class='ocr_line' id='line_1_23' title="bbox 88 2534 1380 2623; baseline 0.001 -23"><span class='ocrx_word' id='word_1_206' title='bbox 88 2535 309 2621; x_wconf 70' lang='lat' dir='ltr'>mundanam,</span> <span class='ocrx_word' id='word_1_207' title='bbox 335 2534 421 2623; x_wconf 93' lang='lat' dir='ltr'>quod</span> <span class='ocrx_word' id='word_1_208' title='bbox 444 2534 574 2623; x_wconf 87' lang='lat' dir='ltr'>quidem</span> <span class='ocrx_word' id='word_1_209' title='bbox 589 2537 690 2605; x_wconf 88' lang='lat' dir='ltr'>Vobis</span> <span class='ocrx_word' id='word_1_210' title='bbox 706 2540 786 2604; x_wconf 88' lang='lat' dir='ltr'>vitio</span> <span class='ocrx_word' id='word_1_211' title='bbox 809 2539 1001 2605; x_wconf 87' lang='lat' dir='ltr'>vertendum</span> <span class='ocrx_word' id='word_1_212' title='bbox 1012 2560 1077 2604; x_wconf 92' lang='lat' dir='ltr'>non</span> <span class='ocrx_word' id='word_1_213' title='bbox 1090 2541 1148 2618; x_wconf 91' lang='lat' dir='ltr'>est,</span> <span class='ocrx_word' id='word_1_214' title='bbox 1172 2554 1288 2599; x_wconf 91' lang='lat' dir='ltr'>omncs</span> <span class='ocrx_word' id='word_1_215' title='bbox 1307 2535 1380 2601; x_wconf 88' lang='lat' dir='ltr'>enin</span> 
     </span>
     <span class='ocr_line' id='line_1_24' title="bbox 89 2638 664 2728; baseline 0.002 -23"><span class='ocrx_word' id='word_1_216' title='bbox 89 2641 157 2705; x_wconf 85' lang='lat' dir='ltr'>nati</span> <span class='ocrx_word' id='word_1_217' title='bbox 181 2640 257 2704; x_wconf 91' lang='lat' dir='ltr'>estis</span> <span class='ocrx_word' id='word_1_218' title='bbox 282 2662 324 2704; x_wconf 87' lang='lat' dir='ltr'>ex</span> <span class='ocrx_word' id='word_1_219' title='bbox 349 2638 462 2705; x_wconf 90' lang='lat' dir='ltr'>eodem</span> <span class='ocrx_word' id='word_1_220' title='bbox 486 2639 555 2728; x_wconf 93' lang='lat' dir='ltr'>lupi</span> <span class='ocrx_word' id='word_1_221' title='bbox 577 2638 664 2706; x_wconf 93' lang='lat' dir='ltr'>nido.</span> 
     </span>
    </p>

    <p class='ocr_par' dir='ltr' id='par_1_3' title="bbox 88 2741 1385 4815">
     <span class='ocr_line' id='line_1_25' title="bbox 176 2741 1384 2832; baseline -0.001 -25"><span class='ocrx_word' id='word_1_222' title='bbox 176 2741 246 2808; x_wconf 91' lang='lat' dir='ltr'>Imo</span> <span class='ocrx_word' id='word_1_223' title='bbox 280 2742 361 2808; x_wconf 92' lang='lat' dir='ltr'>illud</span> <span class='ocrx_word' id='word_1_224' title='bbox 399 2743 536 2831; x_wconf 89' lang='lat' dir='ltr'>quilibet</span> <span class='ocrx_word' id='word_1_225' title='bbox 568 2744 828 2832; x_wconf 90' lang='lat' dir='ltr'>simplicissimus</span> <span class='ocrx_word' id='word_1_226' title='bbox 856 2745 943 2812; x_wconf 90' lang='lat' dir='ltr'>clare</span> <span class='ocrx_word' id='word_1_227' title='bbox 965 2744 1135 2830; x_wconf 85' lang='lat' dir='ltr'>intelliget,</span> <span class='ocrx_word' id='word_1_228' title='bbox 1173 2765 1243 2809; x_wconf 89' lang='lat' dir='ltr'>cur·</span> <span class='ocrx_word' id='word_1_229' title='bbox 1264 2743 1384 2808; x_wconf 88' lang='lat' dir='ltr'>Pilatus</span> 
     </span>
     <span class='ocr_line' id='line_1_26' title="bbox 90 2847 1384 2938; baseline -0.002 -25"><span class='ocrx_word' id='word_1_230' title='bbox 90 2869 164 2914; x_wconf 92' lang='lat' dir='ltr'>cum</span> <span class='ocrx_word' id='word_1_231' title='bbox 186 2847 320 2913; x_wconf 91' lang='lat' dir='ltr'>Herode</span> <span class='ocrx_word' id='word_1_232' title='bbox 341 2848 521 2914; x_wconf 85' lang='lat' dir='ltr'>familiares</span> <span class='ocrx_word' id='word_1_233' title='bbox 546 2858 578 2913; x_wconf 91' lang='lat' dir='ltr'>et</span> <span class='ocrx_word' id='word_1_234' title='bbox 600 2851 698 2914; x_wconf 89' lang='lat' dir='ltr'>amici</span> <span class='ocrx_word' id='word_1_235' title='bbox 719 2850 797 2915; x_wconf 89' lang='lat' dir='ltr'>facti</span> <span class='ocrx_word' id='word_1_236' title='bbox 832 2851 916 2935; x_wconf 83' lang='lat' dir='ltr'>sint3</span> <span class='ocrx_word' id='word_1_237' title='bbox 951 2851 1070 2938; x_wconf 91' lang='lat' dir='ltr'>primo,</span> <span class='ocrx_word' id='word_1_238' title='bbox 1093 2857 1130 2912; x_wconf 88' lang='lat' dir='ltr'>ut</span> <span class='ocrx_word' id='word_1_239' title='bbox 1160 2848 1285 2912; x_wconf 85' lang='lat' dir='ltr'>veritas</span> <span class='ocrx_word' id='word_1_240' title='bbox 1320 2849 1384 2935; x_wconf 88' lang='lat' dir='ltr'>ejus</span> 
     </span>
     <span class='ocr_line' id='line_1_27' title="bbox 91 2949 1385 3041; baseline -0.004 -23"><span class='ocrx_word' id='word_1_241' title='bbox 91 2954 328 3041; x_wconf 87' lang='lat' dir='ltr'>supprimatur;</span> <span class='ocrx_word' id='word_1_242' title='bbox 361 2953 515 3037; x_wconf 87' lang='lat' dir='ltr'>secunde,</span> <span class='ocrx_word' id='word_1_243' title='bbox 559 2955 635 3040; x_wconf 91' lang='lat' dir='ltr'>quia</span> <span class='ocrx_word' id='word_1_244' title='bbox 669 2952 818 3018; x_wconf 91' lang='lat' dir='ltr'>dominus</span> <span class='ocrx_word' id='word_1_245' title='bbox 843 2953 957 3020; x_wconf 78' lang='lat' dir='ltr'>Gallus</span> <span class='ocrx_word' id='word_1_246' title='bbox 993 2975 1066 3018; x_wconf 91' lang='lat' dir='ltr'>cum</span> <span class='ocrx_word' id='word_1_247' title='bbox 1090 2949 1287 3039; x_wconf 90' lang='lat' dir='ltr'>quibusdam</span> <span class='ocrx_word' id='word_1_248' title='bbox 1322 2949 1385 3014; x_wconf 88' lang='lat' dir='ltr'>suis</span> 
     </span>
     <span class='ocr_line' id='line_1_28' title="bbox 90 3054 1384 3145; baseline -0.005 -22"><span class='ocrx_word' id='word_1_249' title='bbox 90 3058 196 3125; x_wconf 90' lang='lat' dir='ltr'>coecis</span> <span class='ocrx_word' id='word_1_250' title='bbox 230 3056 384 3145; x_wconf 88' lang='lat' dir='ltr'>praelatis</span> <span class='ocrx_word' id='word_1_251' title='bbox 421 3059 546 3145; x_wconf 90' lang='lat' dir='ltr'>appetit</span> <span class='ocrx_word' id='word_1_252' title='bbox 568 3056 770 3123; x_wconf 89' lang='lat' dir='ltr'>honestatem</span> <span class='ocrx_word' id='word_1_253' title='bbox 795 3066 828 3122; x_wconf 90' lang='lat' dir='ltr'>et</span> <span class='ocrx_word' id='word_1_254' title='bbox 848 3056 978 3123; x_wconf 89' lang='lat' dir='ltr'>laudern</span> <span class='ocrx_word' id='word_1_255' title='bbox 1011 3057 1107 3144; x_wconf 88' lang='lat' dir='ltr'>hujus</span> <span class='ocrx_word' id='word_1_256' title='bbox 1136 3054 1260 3137; x_wconf 90' lang='lat' dir='ltr'>mundi,</span> <span class='ocrx_word' id='word_1_257' title='bbox 1296 3074 1384 3142; x_wconf 80' lang='lat' dir='ltr'>prae</span> 
     </span>
     <span class='ocr_line' id='line_1_29' title="bbox 88 3158 1385 3249; baseline -0.005 -21"><span class='ocrx_word' id='word_1_258' title='bbox 88 3161 214 3228; x_wconf 89' lang='lat' dir='ltr'>bendas</span> <span class='ocrx_word' id='word_1_259' title='bbox 237 3162 366 3246; x_wconf 86' lang='lat' dir='ltr'>divites,</span> <span class='ocrx_word' id='word_1_260' title='bbox 390 3161 515 3226; x_wconf 89' lang='lat' dir='ltr'>culinas</span> <span class='ocrx_word' id='word_1_261' title='bbox 538 3162 686 3246; x_wconf 86' lang='lat' dir='ltr'>refertas,</span> <span class='ocrx_word' id='word_1_262' title='bbox 710 3184 841 3227; x_wconf 89' lang='lat' dir='ltr'>mensas</span> <span class='ocrx_word' id='word_1_263' title='bbox 865 3161 1012 3249; x_wconf 89' lang='lat' dir='ltr'>oppletas</span> <span class='ocrx_word' id='word_1_264' title='bbox 1042 3169 1074 3225; x_wconf 88' lang='lat' dir='ltr'>et</span> <span class='ocrx_word' id='word_1_265' title='bbox 1096 3160 1206 3226; x_wconf 78' lang='lat' dir='ltr'>&#39;vitam</span> <span class='ocrx_word' id='word_1_266' title='bbox 1239 3158 1385 3246; x_wconf 87' lang='lat' dir='ltr'>volupta-</span> 
     </span>
     <span class='ocr_line' id='line_1_30' title="bbox 90 3261 1384 3352; baseline -0.003 -22"><span class='ocrx_word' id='word_1_267' title='bbox 90 3265 178 3331; x_wconf 90' lang='lat' dir='ltr'>tibus</span> <span class='ocrx_word' id='word_1_268' title='bbox 211 3265 353 3352; x_wconf 89' lang='lat' dir='ltr'>plenam,</span> <span class='ocrx_word' id='word_1_269' title='bbox 375 3265 515 3352; x_wconf 90' lang='lat' dir='ltr'>ideoque</span> <span class='ocrx_word' id='word_1_270' title='bbox 545 3266 692 3350; x_wconf 90' lang='lat' dir='ltr'>Romam,</span> <span class='ocrx_word' id='word_1_271' title='bbox 730 3274 766 3330; x_wconf 94' lang='lat' dir='ltr'>ut</span> <span class='ocrx_word' id='word_1_272' title='bbox 788 3261 915 3350; x_wconf 83' lang='lat' dir='ltr'>cancer,</span> <span class='ocrx_word' id='word_1_273' title='bbox 948 3263 1151 3331; x_wconf 90' lang='lat' dir='ltr'>retroceditis</span> <span class='ocrx_word' id='word_1_274' title='bbox 1186 3286 1260 3328; x_wconf 90' lang='lat' dir='ltr'>cum</span> <span class='ocrx_word' id='word_1_275' title='bbox 1284 3264 1384 3350; x_wconf 80' lang='lat' dir='ltr'>&#39;patre</span> 
     </span>
     <span class='ocr_line' id='line_1_31' title="bbox 92 3362 1379 3456; baseline -0.004 -21"><span class='ocrx_word' id='word_1_276' title='bbox 92 3392 190 3435; x_wconf 91' lang='lat' dir='ltr'>coeco</span> <span class='ocrx_word' id='word_1_277' title='bbox 213 3378 246 3434; x_wconf 88' lang='lat' dir='ltr'>et</span> <span class='ocrx_word' id='word_1_278' title='bbox 268 3367 415 3456; x_wconf 89' lang='lat' dir='ltr'>ejusdem</span> <span class='ocrx_word' id='word_1_279' title='bbox 438 3362 601 3455; x_wconf 76' lang='lat' dir='ltr'>episc&#39;opis</span> <span class='ocrx_word' id='word_1_280' title='bbox 623 3391 722 3434; x_wconf 92' lang='lat' dir='ltr'>unum</span> <span class='ocrx_word' id='word_1_281' title='bbox 747 3370 853 3435; x_wconf 86' lang='lat' dir='ltr'>effecti</span> <span class='ocrx_word' id='word_1_282' title='bbox 876 3370 963 3435; x_wconf 91' lang='lat' dir='ltr'>estis.</span> <span class='ocrx_word' id='word_1_283' title='bbox 998 3369 1073 3455; x_wconf 80' lang='lat' dir='ltr'>Ego</span> <span class='ocrx_word' id='word_1_284' title='bbox 1106 3389 1184 3433; x_wconf 88' lang='lat' dir='ltr'>vero</span> <span class='ocrx_word' id='word_1_285' title='bbox 1207 3367 1379 3433; x_wconf 88' lang='lat' dir='ltr'>veritatem</span> 
     </span>
     <span class='ocr_line' id='line_1_32' title="bbox 91 3471 1383 3561; baseline -0.004 -22"><span class='ocrx_word' id='word_1_286' title='bbox 91 3473 193 3539; x_wconf 89' lang='lat' dir='ltr'>Vobis</span> <span class='ocrx_word' id='word_1_287' title='bbox 216 3482 339 3538; x_wconf 89' lang='lat' dir='ltr'>rectam</span> <span class='ocrx_word' id='word_1_288' title='bbox 361 3473 490 3536; x_wconf 90' lang='lat' dir='ltr'>insinuo</span> <span class='ocrx_word' id='word_1_289' title='bbox 525 3483 557 3537; x_wconf 86' lang='lat' dir='ltr'>ot</span> <span class='ocrx_word' id='word_1_290' title='bbox 591 3473 674 3557; x_wconf 90' lang='lat' dir='ltr'>dico,</span> <span class='ocrx_word' id='word_1_291' title='bbox 712 3473 778 3539; x_wconf 92' lang='lat' dir='ltr'>Vos</span> <span class='ocrx_word' id='word_1_292' title='bbox 809 3496 975 3561; x_wconf 90' lang='lat' dir='ltr'>nunquam</span> <span class='ocrx_word' id='word_1_293' title='bbox 1003 3471 1084 3538; x_wconf 93' lang='lat' dir='ltr'>illud</span> <span class='ocrx_word' id='word_1_294' title='bbox 1114 3472 1330 3559; x_wconf 88' lang='lat' dir='ltr'>acquisituros</span> <span class='ocrx_word' id='word_1_295' title='bbox 1353 3477 1383 3535; x_wconf 93' lang='lat' dir='ltr'>et</span> 
     </span>
     <span class='ocr_line' id='line_1_33' title="bbox 94 3572 1382 3667; baseline -0.008 -20"><span class='ocrx_word' id='word_1_296' title='bbox 94 3574 315 3663; x_wconf 85' lang='lat' dir='ltr'>attentaturos,</span> <span class='ocrx_word' id='word_1_297' title='bbox 339 3578 422 3666; x_wconf 92' lang='lat' dir='ltr'>quod</span> <span class='ocrx_word' id='word_1_298' title='bbox 448 3578 612 3667; x_wconf 88' lang='lat' dir='ltr'>quaeritis,</span> <span class='ocrx_word' id='word_1_299' title='bbox 637 3577 694 3642; x_wconf 90' lang='lat' dir='ltr'>sed</span> <span class='ocrx_word' id='word_1_300' title='bbox 710 3579 795 3641; x_wconf 90' lang='lat' dir='ltr'>intra</span> <span class='ocrx_word' id='word_1_301' title='bbox 806 3586 933 3665; x_wconf 89' lang='lat' dir='ltr'>tempus</span> <span class='ocrx_word' id='word_1_302' title='bbox 947 3576 1104 3662; x_wconf 85' lang='lat' dir='ltr'>exiguum</span> <span class='ocrx_word' id='word_1_303' title='bbox 1116 3574 1265 3641; x_wconf 91' lang='lat' dir='ltr'>omnibus</span> <span class='ocrx_word' id='word_1_304' title='bbox 1279 3572 1382 3640; x_wconf 90' lang='lat' dir='ltr'>odiosi</span> 
     </span>
     <span class='ocr_line' id='line_1_34' title="bbox 93 3670 1382 3771; baseline -0.006 -21"><span class='ocrx_word' id='word_1_305' title='bbox 93 3684 290 3767; x_wconf 85' lang='lat' dir='ltr'>efficiemini,</span> <span class='ocrx_word' id='word_1_306' title='bbox 315 3693 348 3748; x_wconf 91' lang='lat' dir='ltr'>et</span> <span class='ocrx_word' id='word_1_307' title='bbox 369 3706 428 3771; x_wconf 93' lang='lat' dir='ltr'>pro</span> <span class='ocrx_word' id='word_1_308' title='bbox 443 3682 662 3771; x_wconf 88' lang='lat' dir='ltr'>proditoribus</span> <span class='ocrx_word' id='word_1_309' title='bbox 683 3682 749 3747; x_wconf 90' lang='lat' dir='ltr'>Dei</span> <span class='ocrx_word' id='word_1_310' title='bbox 771 3670 829 3748; x_wconf 82' lang='lat' dir='ltr'>¹vos</span> <span class='ocrx_word' id='word_1_311' title='bbox 852 3681 1078 3766; x_wconf 86' lang='lat' dir='ltr'>aestimabunt,</span> <span class='ocrx_word' id='word_1_312' title='bbox 1101 3704 1140 3747; x_wconf 89' lang='lat' dir='ltr'>ac</span> <span class='ocrx_word' id='word_1_313' title='bbox 1158 3690 1223 3746; x_wconf 91' lang='lat' dir='ltr'>tam</span> <span class='ocrx_word' id='word_1_314' title='bbox 1234 3678 1382 3759; x_wconf 87' lang='lat' dir='ltr'>Romani,</span> 
     </span>
     <span class='ocr_line' id='line_1_35' title="bbox 92 3784 1383 3878; baseline -0.005 -24"><span class='ocrx_word' id='word_1_315' title='bbox 92 3812 189 3878; x_wconf 91' lang='lat' dir='ltr'>quam</span> <span class='ocrx_word' id='word_1_316' title='bbox 210 3789 267 3854; x_wconf 90' lang='lat' dir='ltr'>alii</span> <span class='ocrx_word' id='word_1_317' title='bbox 288 3788 401 3854; x_wconf 89' lang='lat' dir='ltr'>fideles</span> <span class='ocrx_word' id='word_1_318' title='bbox 433 3787 535 3853; x_wconf 90' lang='lat' dir='ltr'>Vobis</span> <span class='ocrx_word' id='word_1_319' title='bbox 568 3785 666 3852; x_wconf 86' lang='lat' dir='ltr'>fidem</span> <span class='ocrx_word' id='word_1_320' title='bbox 701 3809 767 3851; x_wconf 93' lang='lat' dir='ltr'>non</span> <span class='ocrx_word' id='word_1_321' title='bbox 789 3786 1000 3863; x_wconf 88' lang='lat' dir='ltr'>adhibebunt,</span> <span class='ocrx_word' id='word_1_322' title='bbox 1037 3809 1076 3851; x_wconf 88' lang='lat' dir='ltr'>ac</span> <span class='ocrx_word' id='word_1_323' title='bbox 1113 3785 1245 3850; x_wconf 89' lang='lat' dir='ltr'>tandem</span> <span class='ocrx_word' id='word_1_324' title='bbox 1266 3784 1383 3850; x_wconf 88' lang='lat' dir='ltr'>Vestra</span> 
     </span>
     <span class='ocr_line' id='line_1_36' title="bbox 92 3890 1383 3979; baseline -0.007 -19"><span class='ocrx_word' id='word_1_325' title='bbox 92 3895 200 3960; x_wconf 89' lang='lat' dir='ltr'>omnia</span> <span class='ocrx_word' id='word_1_326' title='bbox 223 3893 307 3958; x_wconf 89' lang='lat' dir='ltr'>male</span> <span class='ocrx_word' id='word_1_327' title='bbox 330 3902 363 3957; x_wconf 91' lang='lat' dir='ltr'>et</span> <span class='ocrx_word' id='word_1_328' title='bbox 384 3892 601 3979; x_wconf 83' lang='lat' dir='ltr'>ignominiose</span> <span class='ocrx_word' id='word_1_329' title='bbox 624 3890 848 3974; x_wconf 88' lang='lat' dir='ltr'>terminabitis,</span> <span class='ocrx_word' id='word_1_330' title='bbox 887 3893 914 3955; x_wconf 91' lang='lat' dir='ltr'>si</span> <span class='ocrx_word' id='word_1_331' title='bbox 951 3891 1045 3958; x_wconf 86' lang='lat' dir='ltr'>vobis</span> <span class='ocrx_word' id='word_1_332' title='bbox 1081 3892 1114 3955; x_wconf 90' lang='lat' dir='ltr'>in</span> <span class='ocrx_word' id='word_1_333' title='bbox 1138 3899 1284 3977; x_wconf 88' lang='lat' dir='ltr'>tempore</span> <span class='ocrx_word' id='word_1_334' title='bbox 1318 3910 1383 3953; x_wconf 91' lang='lat' dir='ltr'>non</span> 
     </span>
     <span class='ocr_line' id='line_1_37' title="bbox 95 3993 1384 4085; baseline -0.005 -21"><span class='ocrx_word' id='word_1_335' title='bbox 95 3997 321 4064; x_wconf 89' lang='lat' dir='ltr'>consulueritis</span> <span class='ocrx_word' id='word_1_336' title='bbox 343 3998 530 4064; x_wconf 89' lang='lat' dir='ltr'>reversione</span> <span class='ocrx_word' id='word_1_337' title='bbox 553 3996 595 4061; x_wconf 90' lang='lat' dir='ltr'>ad</span> <span class='ocrx_word' id='word_1_338' title='bbox 618 3996 727 4061; x_wconf 92' lang='lat' dir='ltr'>Deum</span> <span class='ocrx_word' id='word_1_339' title='bbox 761 4005 793 4059; x_wconf 90' lang='lat' dir='ltr'>et</span> <span class='ocrx_word' id='word_1_340' title='bbox 814 3996 984 4062; x_wconf 88' lang='lat' dir='ltr'>veritatem</span> <span class='ocrx_word' id='word_1_341' title='bbox 1009 3996 1089 4085; x_wconf 88' lang='lat' dir='ltr'>ejus.</span> <span class='ocrx_word' id='word_1_342' title='bbox 1112 3993 1252 4076; x_wconf 75' lang='lat' dir='ltr'>Quaeso,</span> <span class='ocrx_word' id='word_1_343' title='bbox 1273 4015 1384 4058; x_wconf 87' lang='lat' dir='ltr'>recor·</span> 
     </span>
     <span class='ocr_line' id='line_1_38' title="bbox 95 4097 1385 4190; baseline -0.007 -21"><span class='ocrx_word' id='word_1_344' title='bbox 95 4104 215 4169; x_wconf 88' lang='lat' dir='ltr'>demini</span> <span class='ocrx_word' id='word_1_345' title='bbox 245 4102 533 4190; x_wconf 89' lang='lat' dir='ltr'>praedecessorum</span> <span class='ocrx_word' id='word_1_346' title='bbox 557 4101 677 4167; x_wconf 87' lang='lat' dir='ltr'>Hilarii</span> <span class='ocrx_word' id='word_1_347' title='bbox 698 4100 940 4188; x_wconf 73' lang='lat' dir='ltr'>Khihanovsky,</span> <span class='ocrx_word' id='word_1_348' title='bbox 977 4099 1111 4182; x_wconf 80' lang='lat' dir='ltr'>Souka,</span> <span class='ocrx_word' id='word_1_349' title='bbox 1128 4097 1330 4184; x_wconf 85' lang='lat' dir='ltr'>Rokyczani,</span> <span class='ocrx_word' id='word_1_350' title='bbox 1354 4103 1385 4160; x_wconf 94' lang='lat' dir='ltr'>et</span> 
     </span>
     <span class='ocr_line' id='line_1_39' title="bbox 94 4202 1383 4296; baseline -0.005 -23"><span class='ocrx_word' id='word_1_351' title='bbox 94 4209 236 4296; x_wconf 89' lang='lat' dir='ltr'>plurium</span> <span class='ocrx_word' id='word_1_352' title='bbox 259 4206 405 4290; x_wconf 88' lang='lat' dir='ltr'>aliorum,</span> <span class='ocrx_word' id='word_1_353' title='bbox 429 4209 484 4293; x_wconf 93' lang='lat' dir='ltr'>qui</span> <span class='ocrx_word' id='word_1_354' title='bbox 508 4206 626 4271; x_wconf 90' lang='lat' dir='ltr'>similia</span> <span class='ocrx_word' id='word_1_355' title='bbox 648 4205 862 4293; x_wconf 86' lang='lat' dir='ltr'>appetierunt,</span> <span class='ocrx_word' id='word_1_356' title='bbox 886 4208 970 4271; x_wconf 90' lang='lat' dir='ltr'>sieut</span> <span class='ocrx_word' id='word_1_357' title='bbox 992 4205 1070 4287; x_wconf 91' lang='lat' dir='ltr'>Vos,</span> <span class='ocrx_word' id='word_1_358' title='bbox 1092 4202 1135 4268; x_wconf 93' lang='lat' dir='ltr'>ad</span> <span class='ocrx_word' id='word_1_359' title='bbox 1158 4222 1240 4289; x_wconf 90' lang='lat' dir='ltr'>quae</span> <span class='ocrx_word' id='word_1_360' title='bbox 1270 4222 1383 4289; x_wconf 85' lang='lat' dir='ltr'>perve·</span> 
     </span>
     <span class='ocr_line' id='line_1_40' title="bbox 93 4303 1383 4399; baseline -0.007 -21"><span class='ocrx_word' id='word_1_361' title='bbox 93 4315 210 4396; x_wconf 88' lang='lat' dir='ltr'>nerint,</span> <span class='ocrx_word' id='word_1_362' title='bbox 248 4322 281 4378; x_wconf 89' lang='lat' dir='ltr'>et</span> <span class='ocrx_word' id='word_1_363' title='bbox 316 4312 445 4399; x_wconf 89' lang='lat' dir='ltr'>qualem</span> <span class='ocrx_word' id='word_1_364' title='bbox 467 4312 567 4378; x_wconf 93' lang='lat' dir='ltr'>finem</span> <span class='ocrx_word' id='word_1_365' title='bbox 591 4310 700 4398; x_wconf 88' lang='lat' dir='ltr'>adepti</span> <span class='ocrx_word' id='word_1_366' title='bbox 722 4310 861 4393; x_wconf 83' lang='lat' dir='ltr'>fuerint3</span> <span class='ocrx_word' id='word_1_367' title='bbox 899 4308 1048 4374; x_wconf 90' lang='lat' dir='ltr'>omnibus</span> <span class='ocrx_word' id='word_1_368' title='bbox 1070 4316 1181 4373; x_wconf 89' lang='lat' dir='ltr'>notum</span> <span class='ocrx_word' id='word_1_369' title='bbox 1204 4315 1263 4389; x_wconf 91' lang='lat' dir='ltr'>eet,</span> <span class='ocrx_word' id='word_1_370' title='bbox 1299 4303 1383 4393; x_wconf 93' lang='lat' dir='ltr'>quod</span> 
     </span>
     <span class='ocr_line' id='line_1_41' title="bbox 94 4411 1384 4503; baseline -0.005 -22"><span class='ocrx_word' id='word_1_371' title='bbox 94 4417 182 4483; x_wconf 89' lang='lat' dir='ltr'>idem</span> <span class='ocrx_word' id='word_1_372' title='bbox 205 4425 237 4480; x_wconf 90' lang='lat' dir='ltr'>et</span> <span class='ocrx_word' id='word_1_373' title='bbox 257 4416 351 4482; x_wconf 89' lang='lat' dir='ltr'>vobis</span> <span class='ocrx_word' id='word_1_374' title='bbox 375 4417 550 4503; x_wconf 85' lang='lat' dir='ltr'>continget.</span> <span class='ocrx_word' id='word_1_375' title='bbox 583 4415 674 4493; x_wconf 85' lang='lat' dir='ltr'>Bene</span> <span class='ocrx_word' id='word_1_376' title='bbox 695 4412 798 4479; x_wconf 92' lang='lat' dir='ltr'>Vobis</span> <span class='ocrx_word' id='word_1_377' title='bbox 820 4412 902 4477; x_wconf 86' lang='lat' dir='ltr'>haec</span> <span class='ocrx_word' id='word_1_378' title='bbox 923 4421 1043 4478; x_wconf 86' lang='lat' dir='ltr'>notate.</span> <span class='ocrx_word' id='word_1_379' title='bbox 1067 4411 1274 4498; x_wconf 89' lang='lat' dir='ltr'>Opposuistis</span> <span class='ocrx_word' id='word_1_380' title='bbox 1298 4411 1384 4475; x_wconf 90' lang='lat' dir='ltr'>enim</span> 
     </span>
     <span class='ocr_line' id='line_1_42' title="bbox 94 4513 1383 4606; baseline -0.008 -18"><span class='ocrx_word' id='word_1_381' title='bbox 94 4544 152 4590; x_wconf 91' lang='lat' dir='ltr'>vos</span> <span class='ocrx_word' id='word_1_382' title='bbox 174 4521 316 4587; x_wconf 92' lang='lat' dir='ltr'>Domino</span> <span class='ocrx_word' id='word_1_383' title='bbox 340 4523 412 4588; x_wconf 90' lang='lat' dir='ltr'>Deo</span> <span class='ocrx_word' id='word_1_384' title='bbox 434 4531 467 4587; x_wconf 93' lang='lat' dir='ltr'>et</span> <span class='ocrx_word' id='word_1_385' title='bbox 487 4522 616 4587; x_wconf 86' lang='lat' dir='ltr'>veritati</span> <span class='ocrx_word' id='word_1_386' title='bbox 640 4521 719 4606; x_wconf 90' lang='lat' dir='ltr'>ejus,</span> <span class='ocrx_word' id='word_1_387' title='bbox 742 4516 938 4606; x_wconf 91' lang='lat' dir='ltr'>opposuistis</span> <span class='ocrx_word' id='word_1_388' title='bbox 961 4518 1029 4584; x_wconf 90' lang='lat' dir='ltr'>Vos</span> <span class='ocrx_word' id='word_1_389' title='bbox 1050 4515 1201 4581; x_wconf 90' lang='lat' dir='ltr'>fidelibus</span> <span class='ocrx_word' id='word_1_390' title='bbox 1214 4522 1247 4579; x_wconf 91' lang='lat' dir='ltr'>et</span> <span class='ocrx_word' id='word_1_391' title='bbox 1271 4513 1383 4580; x_wconf 89' lang='lat' dir='ltr'>electis</span> 
     </span>
     <span class='ocr_line' id='line_1_43' title="bbox 97 4616 1384 4713; baseline -0.005 -24"><span class='ocrx_word' id='word_1_392' title='bbox 97 4629 177 4712; x_wconf 74' lang='lat' dir='ltr'>cjuS,</span> <span class='ocrx_word' id='word_1_393' title='bbox 213 4636 245 4690; x_wconf 86' lang='lat' dir='ltr'>et</span> <span class='ocrx_word' id='word_1_394' title='bbox 282 4627 393 4712; x_wconf 86' lang='lat' dir='ltr'>egistis</span> <span class='ocrx_word' id='word_1_395' title='bbox 416 4649 474 4713; x_wconf 82' lang='lat' dir='ltr'>pro</span> <span class='ocrx_word' id='word_1_396' title='bbox 498 4626 614 4689; x_wconf 88' lang='lat' dir='ltr'>Vestro</span> <span class='ocrx_word' id='word_1_397' title='bbox 644 4624 750 4687; x_wconf 85' lang='lat' dir='ltr'>futuro</span> <span class='ocrx_word' id='word_1_398' title='bbox 785 4623 915 4686; x_wconf 89' lang='lat' dir='ltr'>interitu</span> <span class='ocrx_word' id='word_1_399' title='bbox 954 4631 987 4686; x_wconf 90' lang='lat' dir='ltr'>et</span> <span class='ocrx_word' id='word_1_400' title='bbox 1018 4621 1166 4708; x_wconf 82' lang='lat' dir='ltr'>proxima</span> <span class='ocrx_word' id='word_1_401' title='bbox 1201 4616 1384 4705; x_wconf 85' lang='lat' dir='ltr'>perditione</span> 
     </span>
     <span class='ocr_line' id='line_1_44' title="bbox 98 4721 1385 4815; baseline -0.005 -22"><span class='ocrx_word' id='word_1_402' title='bbox 98 4731 213 4795; x_wconf 88' lang='lat' dir='ltr'>Vestra</span> <span class='ocrx_word' id='word_1_403' title='bbox 218 4755 229 4815; x_wconf 74' lang='lat'>3</span> <span class='ocrx_word' id='word_1_404' title='bbox 254 4729 337 4798; x_wconf 89' lang='lat' dir='ltr'>haec</span> <span class='ocrx_word' id='word_1_405' title='bbox 358 4752 445 4797; x_wconf 87' lang='lat' dir='ltr'>nuno</span> <span class='ocrx_word' id='word_1_406' title='bbox 468 4737 518 4794; x_wconf 91' lang='lat' dir='ltr'>est</span> <span class='ocrx_word' id='word_1_407' title='bbox 539 4727 652 4793; x_wconf 90' lang='lat' dir='ltr'>ultima</span> <span class='ocrx_word' id='word_1_408' title='bbox 667 4726 785 4792; x_wconf 87' lang='lat' dir='ltr'>Vestra</span> <span class='ocrx_word' id='word_1_409' title='bbox 806 4727 942 4794; x_wconf 85' lang='lat' dir='ltr'>victoria</span> <span class='ocrx_word' id='word_1_410' title='bbox 965 4725 1101 4814; x_wconf 88' lang='lat' dir='ltr'>papalis,</span> <span class='ocrx_word' id='word_1_411' title='bbox 1136 4721 1332 4812; x_wconf 83' lang='lat' dir='ltr'>episcopalis</span> <span class='ocrx_word' id='word_1_412' title='bbox 1354 4730 1385 4787; x_wconf 87' lang='lat' dir='ltr'>ct</span> 
     </span>
    </p>
   </div>
   <div class='ocr_carea' id='block_1_3' title="bbox 0 0 1480 5040">
    <p class='ocr_par' dir='ltr' id='par_1_4' title="bbox 0 0 1480 5040">
     <span class='ocr_line' id='line_1_45' title="bbox 0 0 1480 5040; baseline 0 0"><span class='ocrx_word' id='word_1_413' title='bbox 0 0 1480 5040; x_wconf 95' lang='lat' dir='ltr'> </span> 
     </span>
    </p>
   </div>
  </div>
 </body>
</html>
