2948 5040
65 326 256 397 hominibus
282 328 433 397 Dominis
457 331 616 419 gratiosis,
652 343 684 402 et
716 333 831 402 amicis
865 330 961 399 nohis
983 332 1098 399 charis.
1141 330 1208 397 Nos
1231 328 1355 412 consul,

67 444 211 521 senatus,
234 444 267 502 et
287 436 441 502 universa
463 441 675 506 communitas
698 437 1022 523 civitatisPragensis
1036 437 1168 503 servitia
1190 442 1300 500 nostre
1322 444 1355 499 et

68 539 226 627 obsequia
249 542 423 612 offerimus.

154 645 302 733 (Scitote,
325 646 412 735 quod
434 646 475 713 de
497 647 548 714 his
570 646 673 714 literis
696 647 908 716 communitas
930 648 1077 714 notitiam
1107 669 1172 715 non
1195 647 1355 734 habuerit,

65 750 143 838 quia
165 772 227 816 nec
250 750 374 834 eadem,
410 773 472 817 nec
496 755 644 841 sequenti
666 753 720 819 die
759 753 870 818 citatio
893 762 925 818 et
947 753 1140 819 convocatio
1178 753 1358 819 communi·

65 855 143 918 tatis
165 853 232 919 ulla
252 856 401 921 instituta
422 855 492 939 fuit,
526 859 624 944 juxta
645 866 835 924 consuetum
868 855 948 923 alias
983 878 1116 941 morem,
1142 857 1218 946 quia
1258 857 1354 924 etiam

67 965 146 1022 tunc
168 958 250 1023 nihil
272 958 362 1024 aliud
391 958 490 1025 fiebat
513 969 545 1026 et
567 961 810 1045 observabatur,
833 962 868 1027 in
890 961 951 1027 hac
973 962 1144 1049 repentina
1165 982 1351 1027 consurrec-

65 1062 154 1126 tione
177 1070 209 1127 et
232 1064 448 1130 concitatione
469 1065 564 1131 unius
587 1075 700 1133 conha
722 1067 868 1150 alterum,
906 1087 1002 1154 quam
1026 1065 1180 1132 tumultus
1203 1073 1235 1131 et
1256 1067 1359 1132 incar-

64 1166 255 1233 cenationes.
300 1167 367 1234 Sed
389 1171 493 1256 primo
517 1170 635 1236 deinde
658 1171 721 1238 alio
744 1180 889 1260 tempore
911 1180 985 1258 post
1006 1172 1123 1237 missas
1146 1168 1204 1235 has
1221 1171 1355 1255 litteras,

62 1279 281 1337 convocantes
314 1275 575 1340 communitatem
597 1273 656 1340 has
678 1275 789 1341 literas
813 1275 936 1342 eisdem
970 1275 1186 1342 exhibuerunt
1222 1285 1254 1342 et
1275 1277 1360 1341 inter

67 1396 103 1439 se
128 1373 383 1463 confirmarunt).

151 1477 322 1546 Credimus
346 1482 432 1569 quod
455 1481 595 1547 dominis
618 1484 779 1569 gratiosis,
802 1492 834 1548 et
856 1483 950 1549 vobis
972 1505 1082 1549 rumor
1104 1482 1229 1550 delatras
1252 1483 1359 1567 fuerit,

64 1582 178 1671 quales
201 1585 286 1672 apud
308 1609 368 1653 nos
392 1587 612 1653 dissensiones
647 1597 678 1654 et
701 1589 932 1654 commotiones
964 1596 1054 1655 ortae
1076 1590 1150 1672 sint,
1180 1588 1221 1654 de
1244 1588 1360 1677 quibus

62 1690 182 1754 vestris
205 1693 319 1776 gratiis
343 1702 375 1758 et
396 1692 490 1759 vobis
513 1695 628 1759 notitia
661 1694 821 1781 quaedam
844 1715 980 1759 erronea
1011 1703 1043 1759 et
1072 1690 1155 1757 falsa
1188 1693 1259 1759 dari
1281 1714 1355 1780 pos-

63 1803 122 1878 set,
147 1799 286 1882 quaein
310 1820 346 1862 se
368 1799 440 1887 ipsa
462 1801 507 1864 ita
529 1821 594 1864 non
618 1798 817 1881 subsisteret,
841 1821 941 1886 quare
966 1799 1028 1864 hae
1050 1798 1270 1863 dissensiones
1293 1796 1359 1862 fac-

60 1907 113 1963 tae
136 1901 211 1984 sint,
235 1902 282 1965 sic
306 1903 392 1968 enim
414 1925 434 1967 a
455 1904 573 1969 vestris
598 1903 711 1988 gratiis
743 1911 775 1968 et
797 1924 817 1966 a
838 1902 933 1968 vobis
962 1924 1015 1967 res
1048 1901 1111 1965 hae
1141 1901 1235 1966 aliter
1256 1922 1360 1985 sume·

61 2011 187 2086 rentur,
233 2028 329 2092 quam
367 2007 572 2092 contigerint.
626 2006 823 2094 (Pragenses
860 2004 1017 2072 habentes
1062 2026 1155 2091 spem
1191 2005 1356 2088 victoriae,

63 2107 177 2173 sedule
211 2107 435 2194 invigilabant,
469 2119 505 2174 ut
538 2110 579 2174 ad
613 2109 749 2175 alterum
782 2133 949 2175 recurrere
980 2110 1115 2197 possint,
1144 2107 1292 2194 quamvis
1323 2109 1359 2173 in

62 2214 161 2277 armis
182 2212 327 2299 pejorem
341 2239 349 2299 3
371 2215 555 2301 Pragenses
572 2216 668 2280 etiam
691 2214 936 2280 fundamentum
949 2213 1068 2281 malum
1081 2211 1121 2276 ad
1134 2210 1360 2298 probationem

66 2315 209 2381 veritatis
232 2317 398 2395 habentes,
420 2318 899 2406 conscientiauadmonebantur,
924 2326 956 2384 et
978 2319 1036 2383 has
1059 2317 1169 2382 literas
1190 2314 1359 2403 parabant,

65 2419 205 2501 solliciti,
228 2443 270 2486 ne
292 2420 348 2486 alii
371 2421 599 2488 informatione
631 2445 689 2487 sua
712 2424 933 2510 praeveniant,
965 2431 997 2488 et
1025 2422 1089 2488 alio
1111 2429 1288 2503 recurrant,
1312 2419 1359 2484 id-

63 2525 151 2590 circo
180 2527 300 2591 morari
332 2524 497 2607 nolebant,
521 2527 645 2590 intenta
679 2548 737 2592 sua
766 2525 995 2613 improbabilia
1018 2527 1212 2608 accelerare,
1235 2533 1272 2589 ut
1293 2523 1359 2608 illa,

61 2651 146 2717 quae
170 2628 325 2713 scribunt,
348 2630 435 2717 apud
457 2629 605 2695 homines
629 2630 722 2695 citius
745 2630 872 2696 radices
896 2632 1031 2719 capiant
1049 2632 1147 2719 (sicut
1171 2633 1268 2698 etiam
1290 2631 1355 2697 fac·

62 2732 220 2821 tumeat),
243 2743 278 2800 ut
301 2736 398 2800 etiam
420 2734 599 2800 faciliorem
619 2757 786 2801 accessum
801 2734 844 2800 ad
857 2736 1084 2824 exequendum
1096 2759 1189 2801 suum
1200 2738 1359 2802 intentum

62 2837 232 2924 habeant).

148 2941 275 3006 Vestris
299 2961 377 3027 ergo
401 2945 513 3029 gratiis
537 2944 750 3027 notificamus,
764 2940 852 3031 quod
875 2941 1007 3028 quidam
1030 2945 1117 3032 apud
1139 2967 1200 3012 nos
1224 2944 1265 3011 ob
1285 2968 1361 3011 cau·

62 3070 132 3113 sam
156 3068 268 3112 sacrae
292 3046 488 3115 christianae
509 3048 587 3114 fidei
610 3057 721 3137 (quam
743 3047 925 3113 annihilare
946 3047 1124 3138 volebant),
1148 3050 1254 3116 eidem
1281 3049 1359 3115 fidei

62 3173 185 3233 sacrae,
210 3159 242 3215 et
262 3151 369 3236 nobis,
391 3153 528 3218 insidias
551 3154 739 3230 struxerint,
774 3152 814 3217 de
839 3149 956 3239 quibus
978 3153 1109 3218 interim
1130 3176 1190 3218 nos
1214 3155 1363 3220 notitiam

61 3257 257 3343 accepimus,
291 3256 377 3346 quod
410 3266 505 3323 nocte
542 3257 752 3345 praecedenti
774 3257 934 3343 conjurati
971 3257 1069 3322 talem
1103 3267 1210 3324 actum
1242 3259 1363 3326 malum

63 3361 193 3426 efficere
215 3360 392 3448 voluerint3
418 3361 576 3450 impedita
598 3385 675 3449 ergo
698 3384 734 3427 re
758 3360 825 3444 illa,
864 3382 960 3426 mane
982 3361 1067 3427 facto
1090 3384 1149 3427 nos
1173 3366 1362 3450 congregati

61 3467 170 3531 Deum
193 3466 228 3531 in
251 3467 409 3532 auxilium
432 3476 644 3551 assumentes,
660 3489 729 3532 rem
748 3465 847 3531 talem
870 3464 989 3531 malam
1011 3467 1082 3531 sine
1105 3467 1360 3556 sanguinispro·

61 3571 190 3635 fusione
212 3570 451 3658 impedivimus,
476 3580 507 3636 et
529 3571 626 3637 fidem
649 3570 858 3636 christianam
885 3569 1028 3635 divinam
1051 3579 1196 3637 aevitas
1223 3579 1359 3650 nostras,

62 3674 190 3740 amalo
214 3684 246 3740 et
267 3677 387 3764 injuria
410 3675 632 3758 defendentes,
654 3696 769 3763 pacem
792 3676 826 3738 in
850 3674 981 3740 civitate
1002 3682 1113 3740 nostra
1136 3682 1169 3739 et
1190 3675 1275 3740 inter
1297 3697 1356 3741 nos

60 3781 315 3868 procuravimus.
361 3780 453 3846 Deus
478 3781 574 3845 etiam
599 3781 803 3867 omnipotens
825 3778 920 3844 nobis
943 3780 1099 3846 auxilium
1123 3802 1216 3845 suum
1244 3779 1356 3867 largiri

62 3885 214 3970 dignatus
237 3883 306 3968 fuit,
331 3885 416 3972 quod
439 3885 504 3951 tale
527 3883 649 3950 malum
670 3882 767 3950 fuerit
789 3882 990 3971 impeditum.
1034 3885 1229 3970 (Pragenses
1250 3885 1356 3951 fulmi-

60 3989 184 4055 nabant
205 3990 240 4053 in
263 4010 374 4053 omnes
397 3997 516 4076 partes,
543 3988 636 4076 quasi
657 3987 748 4071 haec,
773 4010 857 4074 quae
880 3988 1035 4071 scribunt,
1057 4009 1136 4055 vera
1158 3998 1276 4073 essent,
1299 4012 1355 4057 vo·

59 4096 164 4160 lentes
199 4114 296 4179 super
330 4093 478 4162 homines
512 4094 708 4173 innocentes¹
734 4092 842 4157 coelos
865 4092 1078 4179 perfringere,
1102 4101 1135 4159 et
1156 4096 1265 4159 omnia
1293 4094 1360 4160 ele·

58 4207 169 4265 menta
191 4220 289 4285 super
313 4219 367 4263 eos
391 4197 572 4281 detrahere,
596 4198 655 4263 sub
679 4199 820 4280 nomine,
853 4198 945 4283 quasi
967 4196 1065 4262 fidem
1086 4221 1152 4265 non
1175 4198 1249 4265 dico
1275 4199 1357 4266 chri·

60 4304 209 4386 stianam,
233 4301 291 4368 sed
327 4301 451 4389 aliquid
473 4301 572 4384 aliud,
597 4301 656 4366 sub
689 4301 855 4389 hypocrisi
888 4299 1110 4385 defenderent,
1146 4312 1240 4389 prout
1262 4305 1359 4370 latius

58 4412 93 4476 in
117 4406 327 4495 sequentibus
350 4406 492 4493 patebit,
514 4405 655 4493 ideoque
678 4405 785 4488 crede,
810 4403 897 4493 quod
918 4405 981 4470 hae
1003 4405 1132 4471 illorum
1155 4408 1268 4473 literae
1288 4408 1358 4473 nul·

58 4514 127 4579 lum
148 4535 262 4578 verum
286 4520 317 4577 ct
340 4510 455 4577 stabile
478 4510 724 4576 fundamentum
746 4509 930 4594 habuerint,
956 4512 1032 4598 quia
1054 4510 1221 4598 hucusque
1236 4511 1358 4576 nullam

59 4626 182 4684 certam
205 4617 376 4681 veritatem
398 4616 609 4698 resciverunt,
641 4613 698 4679 sed
720 4622 891 4701 postquam
925 4615 1010 4680 inter
1041 4614 1189 4682 homines
1215 4615 1296 4680 tales
1318 4614 1358 4681 li·

57 4731 146 4789 teras
170 4719 423 4805 distribuissent,
446 4720 551 4808 primo
574 4721 609 4787 in
631 4720 802 4786 veritatem
836 4728 869 4786 et
895 4719 1114 4810 probationes
1142 4718 1381 4804 insumemus,
