2948 5040
111 1292 114 1297 ’
357 1268 613 1421 nourr
648 1194 1190 1419 onustatus

133 1629 175 1697 ln
210 1651 274 1717 quo
310 1627 469 1696 scribetur
500 1627 543 1695 de
574 1649 696 1717 magna
736 1628 954 1696 sollicitudine
986 1650 1098 1697 sacrae
1131 1629 1314 1701 memorien
1344 1633 1427 1720 regis

133 1734 303 1819 Ludoviei,
325 1742 361 1800 ut
381 1734 536 1823 populum
557 1736 762 1803 innocentem
784 1736 901 1803 iterum
924 1734 1081 1824 adjuvare
1102 1736 1216 1824 possit,
1252 1734 1377 1803 multas
1397 1745 1428 1802 et

135 1841 239 1906 ramas
260 1839 371 1907 literas
393 1840 618 1927 Pragensibus
656 1841 890 1907 transmittens.
933 1839 1017 1907 Item
1049 1839 1091 1905 de
1120 1839 1247 1907 infelici
1281 1861 1369 1907 casn
1398 1849 1427 1907 et

136 1945 268 2013 interitu
290 1945 436 2038 ejusdcm
458 1946 546 2032 regis
568 1945 741 2014 Ludovici.
786 1944 871 2011 Item
882 1967 966 2034 quse
982 1944 1033 2011 his
1044 1943 1254 2033 temporibus
1269 1956 1349 2013 sota
1359 1945 1427 2013 sint

684 2135 833 2203 OAPUT
857 2138 884 2204 1.

136 2334 176 2395 In
193 2351 251 2410 quo
264 2335 451 2409 insinuatur,
474 2336 552 2410 quod
575 2335 614 2395 ad
635 2318 816 2395 submissam
827 2332 1003 2411 petitionem
1020 2331 1133 2392 domini
1153 2330 1280 2393 Joannis
1300 2332 1426 2395 Hlawse

138 2432 168 2481 et
189 2422 308 2482 Nicolai
331 2419 458 2494 Schorff,
479 2442 534 2481 rex
555 2422 726 2482 Ludovicus
749 2420 940 2480 mandaverit
962 2419 1094 2499 principi
1129 2427 1158 2478 et
1196 2419 1321 2480 domino
1344 2421 1423 2494 Lew,

138 2516 226 2582 atque
260 2509 340 2578 aliis,
369 2516 403 2568 ut
434 2510 603 2586 Progenses
633 2529 700 2568 oum
734 2507 877 2585 relegatis
913 2508 951 2566 ad
986 2506 1175 2566 concordiam
1207 2509 1422 2585 persuadeant3

138 2595 276 2673 princeps
303 2604 402 2655 autem
431 2605 460 2653 et
488 2596 626 2655 dominus
648 2597 722 2655 st
743 2598 816 2654 hacc
850 2595 952 2653 omnia
980 2613 1040 2653 non
1062 2602 1210 2669 curantes,
1242 2596 1424 2670 praeterire·

138 2681 210 2760 rint,
240 2684 376 2745 dominus
398 2682 523 2743 Hlawsa
543 2701 615 2744 vero
648 2702 716 2744 cnm
736 2681 882 2760 magistro
904 2680 1081 2742 Wenceslao
1100 2682 1197 2742 denuo
1219 2682 1301 2758 apud
1323 2701 1423 2764 regem

672 2770 875 2831 sollicitentur.

224 2922 322 2988 Pater
343 2922 502 3008 coelestis,
526 2924 581 3013 qui
593 2922 702 2989 omnia
713 2922 833 2988 virtute
844 2929 876 2986 et
886 2919 1031 3009 potentia
1046 2939 1105 2985 sua
1114 2919 1209 3007 regit,
1225 2940 1271 2985 ex
1285 2919 1426 3008 praede·

139 3027 311 3094 stinatione
328 3036 366 3093 'et
387 3028 606 3116 praescientia
627 3025 669 3092 ab
692 3033 834 3111 aeterno,
860 3047 943 3114 quae
965 3023 1037 3093 fieri
1058 3023 1178 3091 debent
1199 3024 1422 3114 imposterum,

139 3141 172 3200 et
192 3155 274 3223 quae
289 3133 362 3199 fieri
385 3132 574 3218 debuerunt,
598 3133 751 3219 dignatus
766 3131 828 3199 fuit
841 3134 1007 3220 respicere
1028 3126 1199 3198 innumera
1221 3131 1338 3217 gravis
1360 3150 1425 3196 sus·

137 3238 230 3326 piria,
263 3237 409 3326 ploratus
432 3248 464 3304 et
486 3238 627 3326 gemitus
649 3237 831 3303 innocentis
854 3237 975 3325 populi,
999 3242 1032 3302 et
1042 3236 1231 3302 instinctum
1254 3233 1334 3300 dare
1357 3255 1425 3300 cor·

139 3364 202 3434 que
234 3342 378 3409 emollire
410 3345 498 3430 regis
531 3345 666 3433 ejusque
702 3341 970 3424 consiliariorum,
999 3348 1035 3407 nt
1075 3339 1219 3427 benigne
1252 3338 1426 3407 inclinetur

137 3470 398 3539 propensumque
419 3447 574 3515 reddatur
599 3443 751 3537 respectu
773 3468 904 3513 suorum
927 3444 1128 3512 subditorum
1159 3442 1339 3510 secundum
1371 3465 1426 3533 pu·

139 3575 209 3620 ram
231 3561 264 3618 et
287 3551 406 3618 claram
424 3554 594 3642 justitiam,
618 3553 659 3619 ob
681 3553 856 3617 immensas
877 3551 970 3616 fictas
991 3549 1233 3638 persecutiones
1247 3556 1279 3613 et
1294 3570 1426 3638 oppres·

140 3659 247 3723 siones
269 3657 435 3723 hominum
457 3657 491 3724 in
513 3658 586 3725 Deo
604 3659 766 3746 justorum
801 3665 834 3722 et
854 3655 1059 3746 prudentum,
1093 3652 1231 3719 divitum
1253 3661 1286 3717 et
1307 3674 1427 3742 paupe·

139 3782 220 3845 rum,
244 3763 298 3850 qui
320 3761 370 3827 his
393 3761 543 3829 omnibus
579 3762 777 3851 temporibus
807 3761 909 3828 multa
940 3761 1132 3827 innocenter
1160 3756 1427 3835 adnectentur,

125 3857 232 3931 'laicis
255 3875 286 3931 ct
308 3866 436 3933 clericis
458 3866 549 3933 urbis
571 3867 747 3953 Pragensis
771 3868 935 3932 sustinere
959 3863 1148 3949 debuerunt,
1179 3863 1221 3931 de
1243 3865 1374 3954 quibus,
1396 3872 1429 3930 ut

135 3968 260 4057 judico,
286 3973 363 4035 satis
384 3970 506 4038 dictum
527 3972 588 4036 fuit
609 3973 643 4037 in
676 3971 763 4037 libro
795 3972 901 4059 primo
924 3977 956 4035 et
979 3967 1121 4035 secundo
1144 3968 1240 4058 hujus
1263 3977 1428 4034 tractatus.

139 4074 184 4138 Ut
215 4096 293 4140 vero
326 4075 459 4142 ulterius
493 4096 560 4141 non
581 4076 741 4160 aberrem,
765 4075 823 4140 sed
846 4073 888 4139 ad
908 4074 1007 4139 finem
1029 4071 1182 4161 progredi
1212 4095 1355 4162 possem,
1388 4071 1428 4138 ad

140 4179 325 4245 ulteriorem
340 4180 487 4247 ordinem
510 4204 605 4247 casus
628 4180 725 4270 hujus
748 4179 912 4247 accedam.
934 4178 995 4245 Illo
1018 4187 1163 4267 tempore
1186 4199 1273 4264 ergo,
1298 4178 1427 4267 quando

144 4284 328 4370 Pragenses
352 4308 425 4352 cum
447 4287 595 4374 principe
618 4294 650 4352 et
670 4285 743 4352 aliis
765 4284 925 4372 ablegatis
960 4296 1105 4372 tempore
1127 4303 1229 4350 verno
1249 4283 1425 4370 praeterito

141 4414 184 4458 ex
203 4393 375 4480 Hungaria
396 4417 462 4460 non
497 4394 695 4461 confirmatis
731 4392 941 4482 compactatis
974 4380 1000 4457 a¹
1026 4411 1105 4477 rege
1125 4387 1328 4474 rediverunt,
1362 4395 1427 4452 tum

138 4496 235 4586 paulo
257 4507 331 4586 post
352 4499 466 4566 literae
487 4501 600 4586 regiae
623 4523 684 4589 per
706 4498 898 4585 diligentem
920 4495 1187 4564 allaborationem
1210 4499 1242 4556 et
1264 4510 1425 4580 expensas

139 4601 276 4670 Joonnis
298 4603 432 4671 Hlawsa
455 4613 486 4671 et
507 4605 635 4671 Nicolai
650 4604 782 4673 Sehorff
800 4602 843 4669 ad
863 4604 1021 4668 instantes
1043 4598 1173 4665 illorum
1193 4616 1319 4685 preces,
1342 4597 1427 4686 prin·

136 4709 211 4792 criu,
246 4708 379 4780 domino
408 4700 489 4779 bow
520 4732 672 4802 supremo
703 4708 902 4799 burggravio
938 4705 1105 4792 pragensi,
1142 4708 1175 4769 et
1209 4700 1427 4791 Pragensibns
