2948 5040
131 136 198 206 tos

134 327 252 379 omnes
273 303 428 393 regiones
449 301 524 391 regi
557 303 803 393 appertinentes
835 302 1071 392 perscribendo
1096 302 1315 379 notificentur.
1357 302 1427 371 uss

133 412 275 494 literas,
305 408 386 475 dnm
406 405 630 493 Prsgensibus
665 405 783 473 allatas
814 406 969 494 fuissent,
1002 408 1142 495 accidit,
1174 407 1263 497 quod
1294 405 1424 496 quidam

131 513 271 606 parochi
294 512 336 579 de
359 509 509 579 Oashera
529 510 635 594 missi,
672 509 796 577 cumam
829 520 863 577 st
897 512 941 579 sd
962 522 1111 583 sensuum
1145 512 1289 600 ingressi
1309 510 1427 578 inerint

133 619 252 689 eadem
263 610 328 701 die,
340 610 462 705 nempe
471 615 567 683 Jovis
577 613 613 679 in
623 613 706 681 festo
714 613 748 681 S.
765 615 1069 706 Oswsldiloaug.)
1086 616 1230 706 ejusdem
1243 615 1426 691 anni1529‚

132 725 267 797 nomine
290 721 437 817 ejusdem
458 720 672 804 insinuantes,
706 719 793 806 quod
824 723 1069 810 processionem
1098 723 1270 791 instituere
1291 722 1423 791 velitis

128 828 189 895 die
210 827 326 895 Sancti
346 824 516 892 Laurentii
536 825 687 913 proxime
707 826 848 910 venturi,
882 828 919 893 in
939 825 1131 905 memoriam
1167 829 1317 895 omnium
1341 848 1420 915 proe-

134 953 323 1023 gressorum
341 929 552 1002 tumultuum
581 930 808 1019 Progensium,
851 932 888 997 in
922 930 1080 998 honorem
1112 940 1154 1005 et,
1186 931 1326 1003 laudem
1369 931 1423 999 Dei

133 1039 218 1106 haec
251 1043 457 1120 convertens,
491 1036 576 1102 siout
607 1036 884 1125 praecedentibus
904 1039 999 1105 annis
1027 1037 1150 1106 facum
1170 1037 1243 1112 fuit
1285 1039 1425 1127 Pragen·

135 1163 190 1210 ses
218 1161 308 1225 vero,
341 1138 455 1207 literas
475 1140 584 1227 regias
615 1142 689 1229 jam
721 1139 871 1209 obtentas
907 1163 1017 1209 coram
1050 1163 1086 1207 se
1115 1141 1288 1224 habentes,
1337 1145 1426 1211 inter·

133 1234 355 1338 rogaruht'de
377 1240 534 1327 Oaahera,
573 1255 607 1311 et
627 1244 707 1311 dum
728 1267 749 1311 a
770 1245 924 1334 parochis
945 1247 1057 1313 missis
1077 1248 1306 1333 remisissent,
1340 1248 1426 1315 illum

135 1347 312 1415 dominon
334 1366 434 1429 osse„
450 1343 612 1413 dederunt
632 1343 757 1413 eisdem
779 1348 1045 1437 copiamharum
1066 1349 1247 1436 literarum,
1283 1360 1321 1419 et
1341 1376 1426 1421 man-

135 1451 265 1530 darunt,
286 1456 323 1516 ut
344 1446 484 1516 eandem
506 1447 578 1513 sine
599 1469 692 1515 mora
712 1449 761 1516 illi
793 1452 934 1537 tradant,
971 1464 1008 1521 ut
1044 1455 1284 1523 sesecundum
1319 1457 1427 1525 literas

135 1555 197 1623 has
233 1553 378 1641 dirigere
400 1551 503 1636 sciat3
533 1553 605 1640 jam
628 1553 716 1619 enim
753 1576 789 1620 se
811 1557 1007 1642 occultabat,
1043 1560 1245 1648 intelligens,
1282 1562 1369 1649 quid
1403 1566 1429 1628 ei

136 1657 288 1726 accidere
318 1656 458 1742 debeat,
492 1658 540 1723 ita
577 1656 664 1724 enim
700 1658 822 1726 factum
852 1671 912 1746 est,
956 1663 1047 1752 quod
1075 1665 1136 1730 has
1165 1665 1282 1733 literas
1319 1668 1430 1735 eadem

134 1760 245 1830 adhuc
288 1762 342 1829 die
385 1763 449 1830 ad-
471 1762 663 1863 parochiam'
703 1764 817 1832 Sancti
859 1767 972 1854 Egidii
1015 1767 1217 1854 tradiderint,
1261 1771 1378 1860 itaque
1399 1796 1430 1838 se

136 1890 254 1958 gerere
275 1867 389 1935 debuit
411 1869 592 1936 secundum
613 1870 817 1938 voluntatem
838 1873 935 1958 regis.
968 1873 1040 1940 Illis
1061 1895 1141 1941 vero
1163 1874 1324 1961 parochis
1347 1880 1430 1943 man·

136 1978 249 2046 datum
270 1975 341 2062 brit,
378 1987 414 2046 ut
435 1977 519 2045 tales
551 1980 780 2066 processiones
798 1981 962 2057 omittant,
998 2000 1072 2045 cnm
1106 1979 1227 2045 exinde
1248 1980 1339 2048 nihil
1359 1982 1432 2050 boni

137 2083 338 2174 sperandum
360 2093 458 2153 esset.
486 2082 540 2151 Ab
563 2071 620 2150 illo
643 2094 789 2172 tempore
811 2084 978 2174 processio
1000 2083 1058 2149 illa
1078 2082 1257 2170 magnifica
1279 2090 1431 2171 cessavit,

137 2212 203 2280 qua
224 2191 334 2256 omnia
354 2188 442 2256 mala
462 2188 628 2277 tegebant,
659 2191 834 2261 offerentes
870 2189 961 2257 illam
993 2189 1029 2254 in
1050 2189 1208 2256 honorem
1245 2197 1280 2255 et
1304 2189 1431 2258 laudem

137 2295 214 2362 Dei.
258 2293 375 2362 (llerus
398 2295 486 2361 enim
515 2297 586 2385 jam
616 2305 695 2363 tunc
723 2295 944 2379 assuescebat,
979 2304 1015 2362 ut
1037 2292 1124 2360 mala
1144 2293 1230 2360 sicut
1251 2292 1347 2362 bona
1367 2319 1430 2386 pro·

138 2400 343 2477 cessionibus
365 2412 537 2468 exornent.
584 2401 722 2490 Saepius
744 2412 833 2469 certe
855 2402 939 2468 haec
970 2399 1139 2482 accidunt,
1184 2397 1273 2484 quod
1315 2402 1431 2489 siquis

138 2507 181 2574 de
202 2503 340 2574 aliorum
361 2505 539 2573 infortunio
561 2507 658 2574 valde
682 2509 830 2592 laetetur,
867 2509 952 2574 siout
972 2505 1069 2571 homo
1090 2505 1158 2585 ille,
1188 2512 1221 2569 et
1243 2526 1316 2572 non
1338 2515 1430 2573 atton

138 2612 204 2696 dat,
228 2633 271 2678 an
292 2609 358 2677 tale
380 2610 594 2678 infortunium
617 2614 716 2679 etiam
736 2614 910 2700 ipsiusmet
939 2610 1060 2677 calcem
1083 2609 1204 2698 pedum
1226 2631 1297 2676 non
1323 2632 1427 2698 sequa·

139 2726 202 2802 tur,
224 2716 279 2784 hic
300 2719 331 2784 si
351 2704 448 2783 rue're
469 2718 617 2805 incipiat,
650 2717 834 2785 timendum
856 2725 915 2800 est,
948 2714 1121 2803 replens
1142 2737 1217 2784 eum
1238 2725 1432 2804 prosternat

139 2820 191 2888 Ita
213 2825 299 2892 enim
316 2821 378 2889 ille
400 2824 659 2912 omnitempore
683 2825 761 2911 egit,
784 2832 817 2889 et
839 2823 867 2888 si
889 2820 1097 2887 aliismalum
1116 2818 1284 2907 quoddam
1307 2819 1434 2894 accidit,

139 2927 292 3007 solatium
314 2928 440 3016 grande
461 2931 620 3017 percepit,
637 2951 721 3018 quae
732 2929 818 2994 mala
833 2926 1008 3005 tandemin
1019 2927 1129 3013 ipsum
1144 2923 1245 3012 digne
1257 2926 1434 3006 redierunt,

141 3041 270 3111 etcum
293 3033 484 3102 adruinum
506 3034 741 3123 perduxerunt.
763 3035 858 3103 Juste
881 3034 968 3100 enim
991 3030 1112 3098 similia
1126 3030 1208 3096 fiunt
1217 3030 1345 3097 talibus
1366 3031 1434 3097 irri-

135 3139 282 3219 soribus,
305 3141 362 3229 qui
382 3141 539 3208 tumultus
562 3149 595 3208 et
617 3134 754 3229 dissidia
769 3142 855 3206 inter
868 3140 986 3206 fratres
1005 3137 1232 3220 disseminant,
1255 3137 1434 3203 secundum

141 3244 230 3338 dicta
240 3244 358 3312 Divini
378 3245 520 3334 Spiritus
536 3247 571 3313 in
591 3246 685 3315 libris
707 3245 909 3330 Salomonis;
932 3252 969 3309 ut
990 3241 1139 3332 ejiciatur
1159 3241 1276 3308 irrisor
1296 3240 1387 3325 ideo,
1407 3249 1435 3305 nt

141 3349 280 3419 dissidia
302 3362 442 3436 cessent,
465 3352 511 3418 ita
524 3361 570 3435 ‚ut
589 3354 637 3419 in.
649 3350 796 3440 quolibet
816 3351 888 3417 loco
921 3349 984 3414 hoc
1016 3346 1141 3414 honore
1169 3345 1347 3426 afficiatur,
1385 3350 1433 3435 qui

143 3456 458 3549 eidempdestinatus
480 3467 539 3526 est.
584 3457 675 3525 Sicut
697 3456 796 3523 etiam
811 3456 883 3544 jam
905 3452 1139 3521 antecedenter
1160 3453 1379 3520 Litomericio
1399 3451 1433 3517 ob

142 3550 366 3635 acui³'³'varios
388 3565 592 3633 inordinatos
621 3561 856 3655 contumeliose
887 3558 979 3627 abire
1012 3556 1133 3625 debuit
1177 3557 1222 3624 Et
1251 3559 1335 3626 dum
1368 3581 1432 3627 eum

142 3674 286 3763 quidam,
319 3671 537 3741 amicabiliter
558 3693 633 3737 cum
654 3668 712 3735 illo
735 3642 837 3779 effus
858 3665 945 3732 bono
968 3663 1064 3729 modo
1087 3661 1267 3748 admonuit,
1304 3665 1432 3738 diceus:

145 3781 212 3861 ,mi
233 3779 342 3863 chare,
365 3801 424 3845 cur
444 3777 503 3843 illa
524 3779 606 3863 agis,
631 3764 813 3865 quaerente
822 3795 887 3839 non
904 3768 1026 3836 sunt?“
1042 3768 1212 3856 respondit
1230 3769 1308 3836 ille:
1327 3770 1434 3859 „Licet

143 3910 249 3976 agam,
271 3908 355 3975 quae
377 3884 463 3952 bona
483 3905 550 3951 non
573 3883 677 3952 sunt.“
701 3881 792 3947 Talis
807 3878 964 3960 turbator,
987 3874 1065 3940 dum
1087 3874 1129 3940 de
1148 3873 1258 3940 medio
1273 3873 1433 3942 homiuum

143 3992 275 4076 tollitur,
298 3991 408 4057 omnia
429 3988 515 4055 mala
536 3987 624 4054 illico
646 3995 785 4070 cessant,
816 3981 1022 4070 quodetiam
1045 3979 1100 4045 hic
1120 3981 1242 4048 factum
1263 3981 1339 4061 fuit,
1366 4000 1432 4048 nan

142 4107 217 4189 post
239 4100 310 4188 ejus
333 4096 527 4177 discessum,
549 4114 629 4160 aura
651 4092 797 4180 undique
818 4091 935 4158 favens
950 4085 1141 4173 apparebat.

228 4206 338 4271 Primo
359 4203 460 4290 igitur
480 4200 588 4286 Praga
603 4198 776 4265 discedens
795 4199 831 4263 in
849 4196 1005 4264 Misniam
1017 4216 1054 4260 se
1072 4193 1242 4276 convertit,
1255 4213 1393 4280 sperans
1407 4210 1433 4255 se

143 4312 269 4382 ibidem
290 4312 432 4400 quietem
453 4307 698 4394 acquisiturum.
720 4304 800 4371 Dux
814 4310 922 4369 autem
941 4301 1118 4368 Misnensis
1141 4298 1319 4383 Georgius,
1341 4296 1430 4363 resci-

144 4428 211 4486 ens'
225 4417 268 4483 de
289 4414 377 4482 illius
399 4411 564 4501 perversis
586 4408 724 4492 actibus,
748 4408 865 4497 quibus
882 4407 1047 4474 confidere
1059 4425 1126 4470 non
1140 4400 1282 4469 decebat
1305 4410 1430 4492 proptor

144 4541 298 4609 magnam
318 4516 406 4584 illius
428 4515 614 4598 falsitatem,
644 4515 736 4580 exire
759 4514 792 4578 ei
813 4512 984 4579 mandavit
1006 4532 1049 4577 ex
1070 4507 1223 4576 omnibus
1244 4507 1429 4596 regionibus

145 4625 225 4704 suis,
245 4645 312 4688 non
334 4619 376 4687 ob
398 4641 530 4686 causam
551 4619 757 4686 resistentiae
778 4619 813 4684 in
835 4619 1017 4706 sumptione
1041 4612 1196 4703 Corporis
1211 4621 1247 4679 et
1257 4611 1430 4701 Sanguinis

142 4726 268 4794 Ohrish'
288 4724 351 4795 sub
374 4734 512 4816 utraque
534 4725 655 4816 specie,
677 4723 738 4792 sed
759 4731 893 4814 proptor
909 4720 1172 4813 ejusdemvarias
1193 4717 1301 4785 malas
1324 4724 1431 4788 conos
