2948 5040
1320 165 1363 252 a

37 399 40 403 -
66 353 195 419 locutus
216 354 322 440 fuerit,
344 355 509 420 invenitur
531 354 565 420 in
586 353 713 436 litteris,
749 375 829 440 quas
850 352 1033 440 Pragenses
1068 354 1187 422 deinde
1220 359 1362 446 principi

66 483 106 526 ac
129 462 260 527 tandem
284 461 380 527 etiam
402 461 474 545 regi
507 461 541 524 in
576 457 779 543 Hungariam
809 458 975 527 miserunt
1020 459 1167 548 Ideoque
1191 461 1233 527 ob
1256 461 1363 534 brevi·

65 574 177 650 tatem,
200 588 242 631 ne
262 588 314 631 res
330 585 395 629 una
416 562 467 627 bis
489 570 579 628 terve
600 568 774 649 repetatur,
792 559 941 649 judicavi
968 584 1107 650 aequum
1123 585 1205 648 esse,
1223 575 1258 631 ut
1281 567 1363 632 noti·

65 659 147 734 tiam
170 689 333 757 opponam
356 665 528 756 quaerelae
549 665 647 751 illius,
671 686 768 753 quam
802 685 899 752 supra
949 666 1080 732 modum
1101 679 1133 733 et
1154 668 1238 736 ultra
1260 668 1363 736 nubes

68 772 264 857 exaltarunt,
290 771 485 838 contrahes
508 771 664 858 captivos,
688 779 867 858 quaesunt
890 780 1074 859 sequentes.

610 1002 758 1070 CAPUT
781 1004 835 1070 29.

64 1114 129 1176 Ubi
152 1122 292 1175 notantur
313 1115 460 1192 propositi
481 1115 678 1192 Pragensium
712 1133 812 1173 coram
840 1113 974 1192 principe
1010 1123 1113 1177 contra
1145 1117 1280 1196 captivos
1314 1138 1361 1178 ar·

473 1201 556 1261 ticuli
579 1202 611 1260 in
633 1202 745 1277 ordine,
769 1208 801 1261 ut
823 1201 965 1277 sequitur.

150 1385 338 1462 Informatio
372 1386 584 1474 Pragensium
621 1394 732 1453 contra
763 1388 889 1474 partem
922 1385 988 1452 illis
1021 1376 1202 1472 adversam,
1238 1410 1356 1479 nempe

63 1498 179 1555 contra
199 1488 269 1575 hos,
293 1491 348 1579 qui
369 1494 523 1557 unionem
534 1485 614 1557 'fidei
631 1491 763 1557 divinae
775 1500 807 1556 et
819 1483 1015 1557 'christianae
1029 1484 1226 1571 (secundum
1241 1515 1352 1560 eorum

55 1580 186 1682 judicia
206 1596 252 1661 ita
273 1593 401 1684 loquor)
434 1597 606 1662 immutare
633 1598 836 1683 inceperunt,
866 1597 963 1684 juxta
994 1598 1171 1684 peregrina
1194 1597 1356 1686 dogmata,

59 1700 134 1785 regi
157 1701 349 1789 conscripta.
417 1716 422 1734 ¹

149 1787 253 1890 item,
276 1807 391 1892 primo,
415 1807 500 1894 quod
526 1807 610 1873 hanc
632 1829 701 1872 rem
725 1829 816 1872 suam
838 1807 1020 1895 inceperint
1042 1810 1154 1875 contra
1177 1808 1356 1878 Dominum

59 1897 180 1992 Deum,
203 1905 235 1974 et
257 1900 388 1997 quidem
410 1913 444 1977 in
466 1911 537 1995 hoc,
562 1900 648 1999 quod
672 1911 857 1976 sacerdotes
881 1913 1046 1977 civitatem
1069 1915 1191 1979 intrare
1214 1905 1355 1981 admise-

60 2014 137 2094 rint,
160 2020 191 2077 et
213 2012 286 2078 illos
308 2015 343 2078 in
364 2015 523 2102 parochos
547 2014 668 2102 suscipi
691 2013 827 2079 consilia
850 2013 1000 2079 dederint
1022 2024 1055 2079 et
1078 2015 1272 2104 adjuverint,
1303 2020 1358 2105 qui

59 2110 176 2183 contra
196 2112 388 2183 Trinitatem
412 2116 657 2185 strictissimam
677 2117 779 2184 locuti
808 2116 947 2200 fuerunt,
981 2119 1090 2206 itaque
1114 2121 1225 2184 contra
1250 2121 1360 2186 Deum

59 2211 201 2306 Patrem,
221 2211 343 2288 Filium
366 2233 398 2288 et
409 2223 564 2311 Spiritum
577 2223 742 2306 Sanctum,
767 2221 854 2311 quod
876 2223 1033 2305 nesciant,
1058 2223 1361 2311 quidSanctissima
1386 2211 1390 2216 ’

63 2318 205 2392 Trinitas
229 2329 280 2409 sit,
303 2351 345 2394 an
368 2329 485 2394 mulier
507 2329 561 2394 vel
584 2319 663 2416 quid
686 2327 787 2394 aliud.

146 2429 247 2517 Item;
270 2433 357 2520 quod
379 2435 546 2500 concernit
566 2432 650 2498 festa
672 2441 856 2499 sanctorum
892 2442 923 2497 et
953 2431 1023 2497 dies
1054 2431 1245 2512 dominicos,
1269 2433 1359 2523 quod

59 2533 144 2599 haec
162 2534 320 2600 celebrari
342 2558 407 2602 non
428 2536 569 2603 debeant
600 2546 632 2602 et
665 2537 774 2601 omnia
809 2535 937 2602 sublata
960 2537 1033 2622 sint,
1055 2536 1120 2602 imo
1145 2537 1358 2607 christiania

58 2638 221 2704 similibus
243 2639 380 2724 liberati,
405 2641 473 2706 sola
493 2641 558 2706 fide
581 2643 723 2709 contenti
747 2663 819 2706 esse
841 2640 990 2706 debeant.

144 2742 243 2832 Item;
272 2756 385 2811 contra
406 2746 488 2811 haec
509 2754 698 2835 peccarunt,
734 2745 821 2833 quod
854 2746 962 2810 omnia
997 2755 1199 2810 sacramenta
1221 2745 1359 2824 Christi,

56 2855 91 2912 et
112 2846 195 2913 alias
218 2852 464 2918 constitutiones
488 2851 681 2942 christianas
705 2850 948 2936 abnegaverint,
966 2847 1123 2932 dicentes,
1150 2849 1231 2916 haec
1247 2875 1359 2918 neces-

58 2953 147 3017 saria
168 2975 234 3020 non
258 2977 339 3039 esse,
363 2965 394 3020 et
417 2956 503 3042 quod
526 2956 708 3044 baptismus
745 2976 829 3042 aqua
861 2951 1046 3040 baptismali
1070 2953 1192 3042 suscipi
1214 2977 1279 3021 non
1303 2956 1357 3022 de·

57 3055 145 3140 beat,
170 3067 202 3122 et
224 3057 540 3149 illumquisounquc
564 3070 597 3126 et
617 3082 703 3148 aqua
725 3058 944 3148 qualicunque
977 3056 1105 3122 lutuosa
1135 3068 1167 3122 et
1190 3059 1255 3124 alia
1279 3083 1355 3125 con·

59 3159 148 3225 ferre
170 3165 283 3248 possit,
306 3186 345 3230 ac
369 3164 455 3251 quod
488 3187 550 3230 neo
584 3165 736 3243 chrisma,
759 3162 876 3245 oleum,
900 3183 962 3227 nec
993 3159 1041 3225 sal
1059 3162 1157 3247 juxta
1192 3163 1360 3249 antiquam

58 3263 331 3332 consuetudinem
353 3267 502 3333 adhiberi
524 3269 711 3334 necessaria
734 3267 808 3349 sint,
839 3274 871 3331 et
901 3264 988 3352 quod
1020 3263 1162 3328 infantes
1186 3265 1356 3332 christiani

56 3370 93 3434 in
116 3367 182 3434 fide
203 3379 376 3457 parentum
398 3372 572 3460 progeniti,
599 3371 752 3460 baptisati
775 3371 849 3453 sint,
873 3370 1040 3456 proprium
1063 3377 1233 3454 parentem
1254 3371 1352 3436 etiam

59 3494 159 3561 posse
182 3497 255 3541 esse
279 3478 444 3566 patrinum
465 3476 675 3543 admiserunt.

146 3578 248 3665 Item3
286 3580 328 3647 de
362 3582 435 3647 aliis
459 3581 669 3647 sacramentis
703 3571 886 3666 io'queu'tes,
920 3577 1001 3642 nihil
1035 3576 1093 3663 illa
1124 3599 1196 3642 esse
1219 3578 1359 3644 affirma·

57 3692 188 3767 verunt,
212 3685 258 3750 uti
289 3687 475 3752 unctionem
512 3686 586 3768 olei,
620 3685 858 3750 ordinationem
894 3680 1108 3763 sacerdotum,
1145 3703 1202 3745 seu
1224 3682 1357 3748 ordines

59 3809 189 3874 sacros-3
214 3811 370 3856 asserem
392 3791 523 3855 inanem
546 3798 579 3854 et
600 3811 666 3855 non
682 3811 754 3854 esse
774 3809 920 3869 necesse,
943 3796 979 3851 ut
1001 3785 1187 3850 sacerdotes
1211 3787 1281 3852 oleo
1301 3811 1358 3852 un·

58 3903 190 3978 gantur,
214 3894 273 3959 sed
296 3895 366 3960 sine
399 3895 450 3960 his
483 3893 670 3961 sacerdotes
705 3914 777 3957 esse
805 3893 941 3980 possint,
975 3889 1062 3976 quod
1086 3911 1203 3976 nempe
1227 3890 1354 3975 electio,

57 4021 127 4064 non
149 4006 257 4063 autem
290 4000 399 4064 unctio
431 3998 634 4064 sacerdotem
668 3998 798 4080 efficiat,
831 4017 870 4060 ac
903 3994 969 4077 ille,
995 3994 1083 4080 quod
1105 3992 1302 4062 benedicere
1326 4007 1358 4062 et

58 4100 255 4167 distribuere
277 4098 349 4168 aliis
362 4105 476 4190 possit,
498 4104 554 4190 qui
568 4101 720 4167 sacerdos
744 4109 793 4167 est
823 4099 954 4180 electus,
979 4118 1045 4162 non
1092 4105 1200 4163 autem
1231 4109 1357 4183 unctus,

57 4227 180 4295 nempe
191 4205 278 4293 quod
301 4206 494 4273 distribuere
515 4208 618 4294 possit
639 4205 728 4289 illud,
753 4203 839 4293 quod
861 4201 1011 4268 Christus
1035 4202 1069 4266 in
1092 4205 1280 4270 memoriam
1305 4207 1355 4271 sui

56 4300 260 4400 'temporibus
284 4312 381 4376 certis
405 4333 531 4377 sumere
553 4309 729 4376 mandavit.

147 4415 247 4501 1t0m3
279 4415 366 4504 quod
395 4409 544 4482 Christus
579 4413 775 4481 benedicere
808 4423 839 4480 et
871 4436 1062 4482 consecrare
1100 4436 1139 4480 ac
1174 4435 1300 4479 sumere
1323 4413 1357 4477 in

60 4522 253 4588 memoriam
274 4522 387 4586 mortis
426 4543 504 4586 suae
527 4518 703 4604 mandavit,
732 4541 798 4584 non
835 4519 947 4584 dicunt
970 4541 1043 4584 esse
1077 4541 1196 4606 corpus
1228 4527 1259 4582 et
1282 4539 1357 4581 san-

61 4629 196 4716 guinem
219 4619 376 4710 divinum,
401 4624 458 4692 sod
480 4647 598 4714 panem
631 4624 849 4708 benedictum,
882 4635 914 4689 et
944 4624 1029 4711 quod
1055 4626 1121 4690 rim
1144 4645 1183 4687 ac
1206 4623 1357 4688 virtutem

60 4735 221 4822 majorem
240 4739 310 4800 ‘non
340 4731 468 4815 habeat,
499 4731 562 4797 nisi
596 4732 630 4795 in
653 4738 787 4817 tantum,
822 4730 856 4795 in
891 4730 1053 4819 quantum
1074 4725 1300 4802 surnunt‘his,
1319 4727 1386 4803 opu
