2948 5040
1284 170 1351 243 289

55 358 154 403 suum
174 335 321 402 tribuens
342 333 386 401 ad
408 333 572 423 supplices
592 356 710 423 preoes
734 343 770 401 et
790 336 982 422 petitionem
1004 340 1218 429 Pragensium
1238 354 1273 411 et
1293 345 1350 413 ed·

56 440 287 506 ministratoris
317 462 358 504 ae
392 438 507 506 borum
542 438 690 524 aliorum,
722 443 914 527 praesertim
943 441 1085 532 illorum,
1118 449 1176 535 qui
1207 447 1351 517 futurum

55 544 241 634 perieulum
279 543 483 632 quarundam
513 565 727 632 personarmn
753 544 968 632 Prsgensium
999 551 1284 643 pertimesoebout,
1315 565 1354 627 ut

56 651 241 739 mongus
271 653 401 740 possint
421 672 496 716 eum
515 651 666 737 personis
694 652 785 739 prius
817 654 936 739 citatis,
968 665 1002 724 et
1022 666 1092 728 tota
1121 667 1353 734 oommunitate

57 781 101 825 ae
121 757 296 834 exulibus3
318 759 348 823 si
368 782 449 826 vero
468 760 652 845 transigere
673 768 707 824 et
733 764 910 833 convenire
931 785 997 831 non
1023 771 1190 856 potuerint
1209 780 1266 838 aut
1286 795 1353 839 non

59 866 236 950 voluerint,
258 887 472 955 quaeeunque
492 888 569 955 pars
589 875 649 933 aut
667 888 808 955 persona
833 868 916 936 illud
937 893 1037 959 agere
1056 879 1210 961 renuerit,
1243 898 1353 966 quem

59 971 145 1038 libet
170 972 271 1038 talem
297 971 410 1040 debita
440 994 548 1060 poena
575 972 779 1060 puniendum
809 974 891 1045 fore.
932 976 1078 1068 Ideoque
1108 982 1199 1047 misit
1226 984 1356 1050 senatui

59 1077 359 1163 Vetew-Pragensi
379 1080 500 1161 literas,
524 1078 620 1145 dmul
642 1087 676 1146 et
695 1079 1013 1150 administratoribus
1033 1089 1190 1172 magistro
1208 1090 1354 1158 hum.

58 1184 107 1249 tio
128 1205 173 1248 ex
193 1180 397 1266 Bethlehem,
419 1190 454 1247 et
470 1182 632 1250 sacerdoti
652 1182 859 1268 Wenoeslao,
882 1184 954 1274 (qui
974 1196 1050 1275 post
1070 1186 1252 1260 disoes'sum
1265 1194 1355 1263 Galli

60 1287 212 1355 (trahere
231 1286 361 1354 adhoc
392 1286 537 1353 officium
571 1287 694 1355 electus
716 1298 750 1354 et
770 1313 792 1355 a
822 1312 903 1378 rege
935 1292 1145 1362 eontirrnatus
1164 1297 1240 1387 fuit)
1261 1322 1355 1389 prae·

58 1394 188 1482 eipiens
207 1393 284 1475 illis,
306 1401 343 1458 ut
363 1391 558 1459 mediatores
579 1402 680 1479 agant
702 1403 736 1459 et
756 1392 838 1459 baec
866 1393 1005 1462 dissidia
1024 1396 1068 1464 ad
1080 1390 1189 1477 ‚tinem
1209 1410 1355 1492 optatum

57 1520 121 1589 per
141 1497 347 1566 amieabilem
364 1501 619 1566 conventionem
647 1498 839 1588 perducant.
881 1500 1020 1569 Factum
1048 1505 1158 1595 itaque
1180 1515 1232 1573 est
1250 1509 1356 1589 initio,

58 1612 95 1671 et
113 1601 394 1690 modo'sequenti.
437 1600 538 1668 citati
558 1624 677 1699 nempe
704 1603 885 1669 incuriam
914 1606 1022 1691 primo
1052 1606 1185 1675 fuerunt
1204 1610 1356 1678 dominus

57 1707 206 1775 Joannes
227 1707 371 1790 Hlawsa,
393 1717 427 1773 et
458 1706 615 1792 magister
634 1705 851 1772 Wenoeslaus
870 1706 993 1776 Daniel
1022 1709 1140 1779 diebus
1170 1724 1248 1803 post
1263 1716 1356 1782 Puri·

57 1811 247 1878 dentionem
268 1808 491 1899 sequentibus,
513 1810 572 1876 ubi
592 1813 784 1898 gravamina
805 1814 867 1877 su'a
885 1813 981 1878 varia
992 1826 1241 1903 proposuerunt,
1262 1841 1356 1906 prae·

59 1917 187 1998 sertim,
208 1915 297 2001 quod
317 1936 379 2003 per
398 1936 537 2002 regnum
547 1916 711 2002 integrum
732 1915 774 1982 de
794 1915 862 1983 illis
883 1915 998 1986 literae
1019 1919 1162 2011 scriptae
1182 1929 1217 1988 et
1235 1922 1357 1989 missae

57 2021 184 2087 luerint
203 2019 317 2102 salsae,
347 2040 466 2108 nempe
487 2017 575 2108 quod
604 2018 782 2085 homicidia
801 2018 929 2108 Pragae
959 2024 1228 2110 perpetraverint,
1243 2008 1355 2092 ⁸tidem

59 2133 210 2191 sanctam
229 2124 462 2212 oppresserint,
487 2132 520 2189 et
541 2124 705 2212 persecuti
725 2122 855 2207 fuerint,
883 2124 1017 2191 tandem
1037 2126 1126 2213 quod
1147 2150 1191 2194 ex
1222 2129 1355 2196 civitate

58 2228 201 2315 relegati
221 2227 342 2293 fuerint
373 2227 444 2293 siue
477 2229 611 2317 praevia
641 2225 754 2293 debita
785 2226 962 2311 auditione,
994 2251 1117 2319 eosque
1143 2231 1247 2299 literis
1278 2233 1357 2301 lieet

60 2334 154 2420 prius
174 2353 195 2398 a
215 2354 295 2418 rege
315 2330 485 2398 Ludorieo
512 2333 634 2416 missis,
665 2339 776 2399 tamen
795 2328 839 2396 ad
860 2330 1027 2400 domicilia
1047 2344 1081 2401 et
1100 2334 1189 2404 bona
1216 2360 1277 2404 sua
1295 2339 1356 2404 im·

65 2438 159 2503 missi
179 2459 246 2503 non
280 2436 411 2520 fuerint,
444 2458 504 2525 per
537 2436 625 2525 quod
657 2435 795 2524 grandia
823 2434 944 2502 damna
975 2442 1125 2528 perpessi
1156 2441 1288 2508 fuerunt
1319 2442 1356 2508 in

64 2540 159 2609 bonis
180 2542 269 2628 suis3
290 2550 460 2630 praeterea
480 2540 568 2628 quod
582 2543 738 2628 magister
745 2539 961 2607 wenceslaus
980 2543 1212 2632 insumeretur,
1234 2556 1357 2614 etoum

60 2646 138 2714 aliis
156 2645 283 2713 rbidem
314 2646 413 2733 longo
433 2652 581 2735 tempore
602 2647 675 2712 siue
700 2644 867 2712 audientia
895 2644 1046 2714 detentum
1068 2646 1176 2732 fuerit,
1208 2636 1357 2740 petentes

59 2752 97 2818 in
117 2750 173 2817 nis
194 2750 346 2818 ommbus
361 2752 488 2840 justam
508 2752 740 2839 provisionem.
784 2748 907 2816 Contra
937 2749 1022 2817 haee
1041 2752 1138 2841 Zyka
1151 2753 1255 2839 lanio,
1282 2776 1357 2822 eum

59 2856 206 2946 quodam
236 2877 373 2922 nomem
401 2856 566 2921 seniorum
588 2855 837 2935 communitatis,
873 2875 934 2941 pro
966 2864 1060 2943 parte
1091 2859 1255 2924 contraria
1283 2859 1358 2926 loeo

61 2963 165 3027 totius
186 2959 427 3026 communitatis
449 2958 625 3035 constituti,
647 2959 757 3024 omnia
770 2969 1020 3045 proposuerunt,
1041 2981 1125 3047 quae
1146 2962 1208 3028 sub
1228 2963 1358 3028 initium

59 3066 164 3155 hujus
184 3062 314 3130 dissidii
335 3085 397 3150 pro
418 3084 518 3128 earm
538 3070 794 3150 assumpserunt,
815 3082 936 3149 nempe
956 3061 1045 3148 quod
1055 3084 1122 3129 non
1142 3063 1203 3148 illi,
1224 3063 1284 3131 sed
1296 3087 1358 3132 rex

60 3190 122 3237 eos
143 3167 279 3236 exulare
294 3166 439 3255 jusserit
471 3164 644 3232 Seoundo:
666 3163 755 3253 quod
774 3164 810 3230 in
831 3163 884 3231 bis
897 3162 1012 3249 literis,
1035 3188 1120 3255 qnae
1139 3190 1201 3257 per
1220 3192 1359 3257 reguum

59 3273 230 3356 miserant,
262 3269 387 3337 nullam
417 3290 592 3359 personam
622 3268 882 3354 nominaverint3
915 3276 1013 3357 atque
1039 3268 1123 3337 alias
1154 3272 1280 3340 similee
1301 3294 1358 3341 ex·

60 3376 251 3446 eusationes
272 3374 337 3441 sibi
355 3384 450 3464 aptas
477 3382 725 3464 proposuerunt,
759 3394 1006 3461 sermonemque
1037 3396 1134 3442 sunm
1155 3375 1207 3443 bis
1228 3376 1358 3444 oonelu·

62 3488 199 3566 seruut3
220 3500 258 3546 se
278 3480 488 3567 caeteroquin
508 3479 552 3545 de
572 3478 638 3546 illis
670 3478 753 3546 nibil
773 3477 853 3545 mali
873 3481 968 3563 seire,
998 3480 1058 3546 sed
1078 3481 1166 3568 quod
1186 3484 1278 3571 ipsos
1298 3503 1359 3570 pro

60 3585 161 3653 bonis
182 3592 217 3650 et
235 3586 301 3671 piis
322 3583 519 3666 hominibus,
549 3592 583 3649 et
603 3584 720 3650 amieis‘
740 3587 808 3650 suis
830 3582 947 3666 oharie,
981 3584 1067 3651 deut
1093 3586 1185 3674 prius
1217 3584 1360 3652 habeant

61 3698 99 3757 et
118 3689 302 3756 aestiment.
346 3687 453 3775 Super
475 3687 557 3753 haee
576 3690 696 3754 iterum
717 3687 863 3755 debitum
891 3708 1085 3776 responsum
1106 3684 1222 3757 exsiles
1243 3711 1359 3756 seeun-

60 3790 144 3859 dum
165 3793 385 3859 innocentiam
407 3814 500 3858 suam
521 3790 691 3858 dederunt.
734 3791 828 3873 Quae
848 3790 938 3858 diota
958 3786 1129 3860 redientes
1151 3792 1276 3877 eonsul,
1309 3815 1359 3860 se·

59 3906 163 3963 natus
184 3906 218 3962 et
249 3897 530 3964 odministratores
551 3896 694 3962 medium
727 3896 812 3962 iuter
832 3894 906 3962 illos
926 3897 1123 3964 invenerunt
1154 3898 1218 3965 boo
1240 3920 1358 3964 sensu:

62 3999 165 4081 Quod
186 4000 394 4089 quidcunque
414 4001 481 4067 illis
493 3999 619 4068 duobus
641 4024 662 4066 a
683 4002 914 4067 communitate
934 4010 968 4069 et
980 4001 1055 4069 aliis
1075 4002 1359 4092 personisfnctum

60 4117 99 4174 et
118 4105 245 4172 illatum
267 4115 327 4189 est,
356 4106 420 4172 boo
441 4106 508 4172 illis
529 4129 590 4194 pro
610 4106 727 4173 futurris
759 4109 926 4195 perpetuis
958 4107 1160 4196 temporibus
1181 4109 1217 4173 in
1237 4106 1360 4173 malum

60 4234 204 4298 vergere
225 4234 290 4278 non
312 4211 443 4296 debeat3
468 4212 588 4281 damno
608 4235 698 4294 vero,
727 4232 812 4299 quae
832 4213 969 4302 perinde
989 4213 1081 4301 passi
1102 4221 1188 4297 suut,
1210 4233 1253 4278 ex
1272 4219 1359 4276 utra·

61 4336 131 4406 que
150 4324 245 4404 parte
265 4318 387 4382 cessari
408 4315 560 4401 debeant,
591 4339 666 4383 oum
688 4338 731 4381 ex
751 4316 919 4383 voluntate
938 4317 1031 4404 regin
1059 4318 1188 4383 initium
1208 4314 1360 4402 relegati·

61 4421 140 4487 onis
172 4421 209 4485 in
230 4419 296 4485 illis
316 4420 438 4488 hetum
458 4424 557 4488 tuerit
591 4430 651 4487 etc.
681 4419 806 4501 Quarta
825 4442 905 4486 vero
926 4420 981 4488 die
1002 4427 1071 4488 tota
1091 4422 1304 4487 eommunitas
1323 4420 1360 4484 in

62 4524 191 4591 ousiam
213 4534 394 4591 convocata
413 4527 485 4608 init,
507 4527 561 4593 eui
582 4527 702 4609 omnia,
724 4547 809 4613 quae
829 4534 904 4591 aeta
923 4525 1065 4608 fuerunt,
1085 4522 1359 4614 proponebantur.

60 4628 191 4695 Ultimo
211 4628 345 4696 tandem
366 4629 464 4716 Zyka
484 4631 573 4698 lanio
606 4654 680 4698 oum
703 4630 772 4695 suis
800 4628 1055 4697 adherentibus
1076 4651 1188 4698 eoram
1208 4627 1360 4695 omnibns

62 4732 244 4802 notabilem
266 4738 451 4802 sermonem
480 4735 628 4824 protulit
660 4756 823 4805 exeussus
842 4732 920 4803 illos
951 4744 987 4802 et
1004 4754 1194 4824 repurgans
1208 4731 1259 4798 ab
1274 4732 1377 4795 mni
