2948 5040
146 139 210 208 reo
250 90 257 109 ’

142 334 238 401 quam
271 311 452 399 Prsgensee
485 307 616 374 domum
650 308 855 396 redivissent,
889 310 940 379 his
968 333 1034 379 non
1063 312 1216 390 contenti,
1249 312 1317 381 alia
1349 313 1435 381 mala

141 416 183 482 de
204 416 269 481 illis
293 415 437 504 expulsis
460 412 607 479 meditati
626 412 765 500 fuerunt,
788 423 824 484 ιιι
854 437 972 505 nempe
995 417 1110 483 saltem
1130 406 1246 485 nullibi
1268 417 1305 483 in
1327 417 1434 503 Bphe·

44 554 47 559 ·
139 526 207 591 mia
227 523 411 607 tolerentur,
447 521 541 588 aliter
562 529 671 587 autem
703 521 784 588 illud
805 522 937 588 efficere
967 543 1033 589 non
1055 529 1236 609 potuerunt,
1271 522 1340 588 nisi
1361 531 1435 589 uta

141 629 334 717 quibusdam
374 635 498 693 tentum
530 629 630 714 regiis
664 626 850 697 civitatibus
883 626 1011 712 absint,
1041 625 1166 712 aliquot
1186 626 1273 692 enim
1305 625 1352 692 de
1373 626 1435 695 illis

136 734 207 821 jam
228 732 271 798 ad
292 732 380 798 bona
402 730 605 817 quorundam
620 752 791 819 procerum
813 753 849 796 se
872 737 1066 818 receperunt
1087 736 1120 794 ιι
1133 728 1181 795 ihi
1195 728 1433 815 habitaverunt,

140 837 216 903 inde
236 838 451 924 Pragensium
473 837 690 922 arrogantiam
714 836 904 923 effugerunt.
939 833 1097 916 Quamvis
1120 834 1207 899 enim
1229 832 1431 920 diligentiam

139 941 382 1029 impenderint,¹
403 949 446 1006 ut·
461 938 699 1015 etiamahinde
732 939 945 1028 expellantur,
979 946 1012 1003 et
1044 960 1117 1003 cum
1145 935 1240 1004 modo
1264 936 1381 1003 debito
1402 959 1432 1002 se

140 1068 305 1134 opponere
326 1067 392 1111 non
413 1045 586 1132 potuerint,
607 1046 699 1111 utin
722 1043 916 1133 quibusdam
946 1041 1131 1108 civitatibus
1153 1040 1262 1108 locum
1283 1040 1431 1107 habitati·

138 1153 212 1219 onis
233 1151 382 1217 invenire
402 1150 538 1238 possint,
560 1158 790 1238 persuaserunt
820 1145 981 1238 parochos
1003 1168 1061 1234 per
1091 1146 1201 1213 literas
1228 1146 1431 1213 administra

138 1256 217 1322 toris
241 1277 382 1339 severas,
416 1256 506 1320 utin
529 1253 740 1321 concionibus
763 1262 876 1319 contra
904 1251 979 1319 illos
1000 1250 1200 1340 praedicent,
1230 1259 1332 1339 atque
1354 1252 1432 1331 inter

139 1358 296 1447 populum
317 1360 352 1423 in
382 1357 492 1425 odium
525 1358 696 1443 deducant,
726 1367 823 1446 prout
856 1358 953 1423 etiam
984 1355 1178 1444 quibusdam
1209 1354 1334 1421 factum
1366 1355 1430 1423 fuit

140 1461 352 1545 Quarundam
382 1485 461 1528 vero
495 1463 660 1540 civitatum
695 1471 838 1530 rectores
867 1461 925 1527 illa
957 1459 1128 1526 admittere
1160 1458 1345 1545 noluerunt,
1379 1458 1432 1526 sed

141 1566 273 1636 eosdem
306 1565 540 1647 defenderunt3
578 1567 655 1633 dum
693 1569 793 1655 igitur
826 1569 1008 1652 Prageuses
1046 1563 1156 1630 debite
1188 1574 1221 1630 et
1248 1565 1341 1653 juste
1370 1563 1430 1629 illis

141 1670 257 1737 obesse
278 1692 344 1735 non
367 1679 549 1757 potuerunt,
572 1695 631 1760 per
652 1669 1146 1737 administtretoremetclerum
1166 1677 1291 1735 tantsnn
1317 1669 1427 1736 effece-

57 1799 61 1805 “
143 1782 229 1851 runt,
252 1773 339 1861 quod
362 1775 459 1841 etiam
480 1775 559 1841 alibi
582 1776 690 1864 quiete
714 1784 747 1841 et
769 1776 942 1855 concordia
955 1775 1072 1862 privati
1093 1773 1231 1859 fuerint3
1254 1796 1334 1840 nam
1356 1770 1431 1840 illud

139 1881 174 1944 in
190 1866 353 1944 Bohemia
373 1879 494 1968 ubique
524 1880 692 1947 dilatatum
715 1881 784 1946 fuit.
831 1881 867 1947 Si
899 1901 978 1946 vero
1000 1880 1035 1944 in
1069 1878 1264 1967 quibusdam
1296 1877 1382 1945 locis
1401 1875 1431 1943 id

141 1993 326 2070 susceptum
347 2006 414 2050 non
435 1985 505 2069 fuit,
528 1985 601 2052 illos
625 2007 684 2073 pro
710 1986 852 2050 inimicis
875 1984 1067 2067 habuerunt,
1090 1991 1123 2048 et
1145 1981 1187 2049 ad
1209 2003 1325 2068 regern
1348 1982 1430 2048 detr-

139 2087 255 2170 lerunt,
291 2086 377 2174 quod
400 2088 531 2155 illorum
564 2090 714 2155 inimicos
746 2088 914 2154 detineant
956 2096 989 2155 et
1016 2088 1157 2155 foveant
1200 2086 1297 2153 Haec
1332 2088 1432 2154 omnia

137 2201 267 2281 praeter
296 2190 498 2259 voluntatem
521 2193 643 2265 domini
677 2193 728 2258 sui
749 2194 837 2280 regis
868 2193 955 2259 facta
976 2191 1115 2275 fuerunt,
1150 2213 1321 2279 nunquam
1354 2191 1429 2257 enin

137 2297 202 2363 tale
224 2295 411 2364 mandatum
433 2298 544 2365 datum
565 2298 634 2383 fuit,
659 2308 695 2365 ut
716 2307 850 2387 praeter
870 2298 1011 2385 Pragam
1034 2296 1128 2363 etiam
1151 2295 1231 2363 alibi
1252 2295 1325 2363 illis
1348 2295 1427 2364 habi·

138 2406 216 2472 tatio
239 2403 460 2471 interdicatur.

604 2656 607 2661 .
688 2591 835 2658 ΟΑΡΗΤ
856 2591 909 2658 24.

138 2772 176 2833 In
199 2790 259 2858 quo
289 2771 475 2845 describitur,
509 2772 579 2830 dum
603 2771 769 2849 Progenses
800 2772 863 2830 sine
896 2771 959 2830 ullo
995 2767 1081 2829 effect
1069 2776 1101 2828 tu
1123 2767 1210 2828 Buda
1241 2767 1428 2841 redivissent,

139 2862 221 2937 quali
243 2880 353 2939 pompa
376 2879 425 2919 eos
449 2858 605 2918 domestici
625 2859 878 2936 exspectaverint,
901 2864 1044 2935 quantam
1058 2855 1279 2934 processionem
1303 2855 1429 2916 institue·

137 2948 207 3022 rint,
229 2948 261 3006 in
284 2967 344 3024 qua
366 2945 598 3023 adpetitionem
620 2945 764 3023 principis
800 2965 915 3005 omnem
939 2964 1023 3004 suam
1053 2943 1246 3022 potentiam
1237 2963 1269 3002 ιιι
1291 2944 1430 3003 armiset

138 3035 293 3095 tormentis
316 3040 565 3108 monstraverunt,
587 3032 693 3092 illud
684 3052 715 3091 m
737 3034 878 3092 honorem
900 3039 929 3091 et
950 3032 1068 3092 laudem
1080 3029 1202 3090 Domini
1214 3029 1276 3089 Dei
1298 3037 1428 3109 agentes.

222 3152 398 3239 Postquam
420 3150 519 3236 igitur
540 3151 777 3236 praenominati
799 3150 905 3215 nuntii
928 3157 961 3213 et
976 3147 1119 3235 ablegati
1140 3170 1160 3213 a
1180 3169 1259 3234 rego
1281 3168 1328 3213 ex
1342 3146 1426 3213 Hun-

137 3256 238 3341 garia,
262 3256 333 3320 sine
343 3253 421 3331 ullo,
443 3253 517 3319 Deo
531 3253 595 3318 sint
605 3253 728 3338 leudes,
746 3255 863 3320 effectu
873 3252 1079 3338 redivissent,
1092 3252 1335 3339 eosPragensis
1350 3272 1429 3319 com·

136 3361 278 3424 munitas
299 3367 453 3426 venturos
476 3379 627 3444 sperans,
651 3357 705 3423 die
724 3358 829 3438 devie,
852 3381 972 3447 nempe
991 3359 1026 3423 in
1046 3358 1127 3424 festo
1151 3358 1298 3446 corporis
1311 3353 1429 3424 Christi

136 3464 214 3529 anui
234 3463 478 3550 praenominati,
502 3483 585 3549 quae
598 3460 775 3527 solennitas
797 3462 857 3527 fuit
877 3464 912 3527 in
927 3460 1050 3528 festoS.
1067 3461 1135 3527 Viti
1159 3461 1216 3550 (15
1228 3461 1307 3526 Jun.
1322 3457 1427 3548 1525),

140 3590 214 3634 cum
236 3565 488 3633 consolabilibus
511 3566 681 3632 novalibus
705 3567 915 3653 exspectavit.
944 3566 1051 3654 Hujus
1074 3570 1161 3630 enim
1182 3566 1320 3631 actionis
1344 3563 1428 3646 socii,

136 3671 273 3764 praelati
294 3693 411 3758 nempe
433 3671 518 3736 arcis
534 3671 718 3757 Pragensis,
737 3672 808 3758 jam
830 3670 887 3735 illa
909 3669 962 3736 die
976 3669 1185 3753 advenerant,
1208 3691 1274 3736 non
1295 3689 1468 3765 exspec-

135 3784 240 3844 tantes
260 3775 389 3842 Gallum
411 3775 705 3840 administratorem
727 3773 913 3840 inferiorem
934 3795 1009 3839 cum
1030 3773 1117 3839 clero
1140 3795 1208 3854 suo,
1230 3795 1340 3859 neque
1353 3772 1468 3839 Pre-

135 3901 263 3968 genses,
286 3902 356 3944 s1ne
368 3878 466 3944 dubro
489 3900 648 3961 excausa,
672 3900 748 3965 qura
753 3900 823 3965 Jam
835 3877 916 3944 haec
927 3899 1005 3943 unro
1017 3898 1128 3943 eornm
1150 3884 1183 3942 ιι
1193 3878 1339 3944 ιιιιιιιιιιι
1348 3876 1425 3943 false
1465 3852 1468 3933 l

137 3985 297 4074 promissa
318 3983 475 4050 cessabat
496 3984 634 4049 Romani
657 3983 744 4048 enim
766 3982 831 4048 illis
854 4004 985 4049 causam
1001 3981 1238 4071 adscribebant,
1261 3981 1351 4067 quod
1371 3981 1423 4048 hic
1464 3962 1468 4055 l

135 4098 290 4156 tractatus
313 4097 347 4155 et
366 4090 451 4156 actio
473 4087 560 4177 apud
582 4087 726 4173 legatum
747 4088 910 4174 pontificis
932 4110 992 4175 per
1013 4087 1086 4154 illos
1119 4086 1295 4174 impeditus
1318 4086 1424 4167 ιιιιιι,

136 4196 212 4283 quia
232 4193 405 4261 noluerunt
419 4215 581 4277 ¹revocare
616 4193 874 4258 communionem
898 4193 1092 4258 sacramenti
1108 4190 1169 4256 sub
1193 4199 1332 4279 utraque
1355 4209 1423 4278 spe·

135 4301 195 4366 cie.
238 4301 420 4387 Pragenses
451 4321 529 4366 vero
550 4297 624 4365 illos
658 4320 731 4364 cum
762 4297 898 4363 notabili
920 4296 1039 4383 gaudio
1073 4304 1357 4385 exspectaverunt,
1388 4301 1422 4359 ut

96 4400 100 4405 ’
131 4404 200 4471 ι11ιι
221 4404 352 4471 obviam
362 4402 654 4492 processionaliter,
677 4404 770 4490 quasi
781 4404 846 4490 ipsi
867 4403 947 4488 regi,
969 4400 1154 4488 procedant.
1176 4400 1230 4466 Illi
1243 4422 1323 4468 vero
1341 4399 1420 4466 hanc
1466 4430 1468 4501 ἰ

134 4509 222 4576 diem
243 4509 447 4595 negligentes
471 4509 574 4597 (certe
595 4507 679 4592 ideo,
703 4509 779 4596 quia
799 4529 865 4573 non
886 4504 1077 4589 habuerunt,
1109 4504 1226 4593 quibus
1248 4503 1324 4570 illos
1346 4525 1421 4570 con·
1466 4542 1468 4551 =

135 4615 287 4696 solentur,
311 4621 344 4678 st
365 4613 441 4699 quia
451 4634 517 4678 non
528 4613 659 4679 fuerunt
668 4613 845 4701 promeriti,
856 4619 893 4675 ut
905 4609 1196 4677 tamamioabiliter
1217 4607 1282 4674 illis
1295 4609 1423 4676 obviam

122 4716 327 4806 procedant)
346 4718 457 4808 primo
471 4717 573 4788 altera
594 4718 657 4806 die,
679 4739 799 4810 nempe
820 4715 874 4785 die
892 4715 1031 4784 Veneris
1047 4715 1104 4806 (16
1113 4711 1204 4802 dun.)
1218 4711 1363 4802 Prsgam
1375 4708 1416 4781 sd
