2948 5040
76 155 159 261 ¹„ddi

90 324 309 397 bradensibus
341 325 460 390 mortui
494 331 578 390 sunt.
628 325 670 390 Et
699 326 784 391 sicut
821 335 907 410 tuno,
940 329 986 393 ita
1020 329 1116 394 etiam
1149 326 1246 395 modo
1279 349 1398 417 propo·

91 433 189 499 situm
211 446 305 497 suum
340 429 377 495 in
413 427 563 494 effectum
599 427 760 495 deducere
789 452 856 495 non
888 439 1071 519 potuerunt,
1110 432 1174 498 nisi
1209 452 1270 518 per
1291 442 1399 522 potes·

91 544 192 603 tatem
215 535 341 612 laicam,
377 533 412 598 in
445 532 574 599 laudem
597 541 630 598 et
652 533 806 599 honorem
828 533 893 601 Dei
927 557 1039 602 omnes
1072 535 1282 604 crudelitates
1317 561 1393 607 suas

94 649 286 709 exercentes
321 644 353 705 et
375 635 608 705 adscribentes.
651 636 799 703 Tandem
832 637 945 704 Gallus
978 639 1221 706 administrator
1251 642 1308 708 de·
1329 644 1399 711 tali·

89 743 152 812 bus
174 742 353 820 instructis,
377 741 531 807 correctis
555 750 588 805 et
608 742 778 828 reparatis,
816 764 855 807 ac
877 764 936 808 sua
957 743 1043 833 mala
1072 752 1145 809 acta
1165 747 1397 815 revocantibus

89 847 125 915 in
161 848 301 915 ecclesia
333 847 575 937 promulgavit,
613 844 687 911 illos
722 868 794 912 esse
827 869 922 914 veros
956 856 1089 914 sanctae
1121 849 1280 917 ecclesiae
1313 853 1398 920 filios

91 960 125 1019 et
147 952 350 1037 christianos,
386 960 502 1041 petens
536 959 569 1016 et
591 947 764 1016 adhortans
799 954 1070 1037 communitatem,
1102 963 1137 1019 ut
1168 977 1242 1020 cum
1272 957 1397 1024 eisdem

87 1056 126 1125 in
165 1079 275 1126 amore
309 1066 343 1124 et
375 1055 549 1131 concordia
580 1053 707 1137 vivant,
741 1062 838 1142 atque
871 1055 936 1121 illis
970 1057 1056 1121 inre
1088 1056 1182 1123 nulla
1209 1057 1394 1129 detrahant.

95 1159 243 1227 Tandem
266 1184 287 1228 a
309 1162 469 1227 contrario
505 1162 539 1225 in
561 1159 626 1225 alia
647 1159 804 1225 concione
833 1157 875 1224 de
907 1159 972 1229 illis
995 1161 1227 1249 contumeliose
1263 1173 1297 1229 et
1329 1174 1394 1232 tur-

92 1265 179 1357 piter
201 1265 338 1343 locutus,
374 1263 448 1330 illos
476 1285 549 1329 esse
579 1262 769 1351 proditores,
803 1270 903 1350 utque
926 1264 973 1328 eis
1002 1263 1084 1357 nihil
1118 1263 1278 1350 credatur,
1314 1270 1396 1335 sicut

95 1368 231 1436 canibus
252 1366 387 1452 rabidis,
410 1369 475 1434 nisi
497 1369 553 1456 qui
574 1378 640 1433 tres
663 1367 775 1434 oculos
797 1366 978 1446 habuerint,
1001 1378 1033 1434 et
1055 1369 1140 1456 quod
1169 1372 1279 1437 omnia
1295 1385 1394 1460 agant

89 1496 151 1564 pro
175 1481 277 1562 parte,
318 1473 412 1562 panis
436 1481 469 1539 et
488 1473 650 1547 alimentis
673 1471 889 1562 acquirendis,
920 1472 1070 1560 quodque
1094 1484 1298 1542 sacramenta
1327 1501 1392 1544 sus

89 1578 221 1666 cipiunt,
245 1579 500 1666 quotiescunque
522 1579 568 1643 eis
591 1576 805 1660 mandabitur,
836 1576 973 1664 ideoque
996 1598 1051 1642 eos
1081 1585 1190 1663 tamus
1211 1581 1296 1647 nihil
1319 1582 1394 1649 boni

86 1684 122 1750 in
142 1684 322 1750 intentione
344 1681 519 1749 habituros.
563 1683 607 1748 Et
630 1683 705 1748 talia
727 1705 793 1748 non
816 1680 925 1765 semel,
958 1681 1015 1747 sed
1054 1685 1182 1771 saepius
1204 1684 1247 1750 de
1270 1685 1339 1752 illis
1361 1689 1392 1752 in

88 1787 227 1855 eeclesia
259 1785 294 1855 S.
316 1785 460 1874 Aegion,
495 1789 592 1855 etiam
625 1790 660 1852 in
690 1788 842 1876 primitiis
876 1787 929 1851 die
962 1787 1134 1852 Dominica
1163 1797 1238 1877 post
1272 1790 1393 1857 festum

87 1893 122 1975 S,
144 1893 272 1960 Nicolai
292 1913 378 1958 anno
404 1893 500 1976 1527,
537 1916 579 1958 ne
602 1892 670 1958 illis
692 1892 766 1980 plus
790 1913 886 1980 quam
909 1891 1044 1958 canibus
1067 1892 1226 1977 credatur,
1261 1897 1392 1983 publice

87 1996 194 2065 fassus
217 2006 275 2064 est.
322 1982 524 2084 Quocunque
545 2019 626 2082 ergo
635 2005 682 2063 ··te
703 1998 869 2079 vertisses,
892 1997 962 2061 sive
984 1996 1185 2084 aliquidaut
1206 1999 1289 2065 nihil
1315 2004 1392 2090 egis·

87 2125 150 2187 ses,
186 2099 367 2190 aequaliter
396 2101 482 2167 mala
504 2102 699 2168 oriebantur.
743 2102 838 2175 Cum,
859 2100 978 2167 deinde
1011 2102 1054 2166 ad
1077 2101 1234 2189 quosdam
1256 2105 1390 2175 clericos

86 2206 128 2274 de
150 2207 341 2273 consistorio
365 2216 397 2271 et
418 2205 499 2272 ahos
521 2205 604 2272 haec
628 2207 735 2274 delata
756 2208 894 2273 fuissent
917 2215 948 2272 et
963 2204 1069 2272 dicta:
1101 2231 1200 2296 quare
1223 2212 1270 2277 ita
1296 2215 1389 2301 agitis

38 2390 41 2394 ⁴
86 2319 119 2379 et
139 2310 319 2400 loquimini,
341 2311 473 2398 ipsimet
493 2311 649 2399 populum
670 2311 712 2377 ad
735 2312 853 2377 similia
874 2311 1075 2397 inducentes,
1092 2315 1286 2400 praesertim
1312 2339 1389 2406 quas

86 2439 140 2483 res
162 2414 350 2505 spirituales
362 2415 591 2481 substantiales
614 2427 828 2502 concernunt3
852 2418 930 2482 item
951 2417 1175 2483 revocationes
1198 2428 1231 2483 et
1253 2420 1386 2489 instrue·

86 2522 192 2589 tiones
227 2518 474 2605 ecclesiasticas,
509 2521 653 2609 aliasque
682 2543 735 2586 res
768 2520 948 2608 intelligitis
979 2522 1153 2609 scripturas
1187 2522 1271 2611 legis
1312 2525 1381 2593 divi·

86 2647 159 2710 nae,
193 2625 279 2714 qnod
314 2627 395 2692 haec
427 2626 497 2691 fieri
526 2649 592 2691 non
626 2626 775 2710 debeant,
811 2636 843 2690 et
875 2625 1011 2714 perinde
1032 2625 1179 2692 homines
1202 2628 1385 2697 seducatis:

87 2729 335 2818 responderunt,
373 2729 454 2795 haec
478 2731 586 2795 omnia
607 2753 686 2814 vera
709 2752 781 2796 esse
804 2731 945 2813 omnino,
969 2729 1027 2794 sed
1050 2729 1135 2817 quod
1157 2730 1286 2820 Pragae
1310 2734 1386 2801 haec

84 2834 134 2900 'ita
155 2833 276 2902 habere
297 2835 410 2914 velint,
444 2837 554 2922 itaque
588 2836 708 2902 exinde
741 2835 896 2923 gaudium
931 2845 962 2901 et
983 2840 1085 2906 risum
1108 2836 1305 2918 habuerrmt,
1340 2860 1387 2905 se-

87 2947 223 3029 quentes
244 2937 279 3006 in
301 2940 351 3005 his
375 2941 517 3028 opifices,
541 2943 596 3026 qui
619 2942 647 3006 si
671 2942 752 3006 solvi
774 2940 898 3024 volunt,
921 2938 1042 3009 debent
1062 2942 1182 3032 populo
1204 2965 1264 3031 pro
1279 2943 1386 3010 volun·

87 3053 152 3113 tate
174 3053 207 3110 et
228 3044 433 3133 beneplacito
455 3046 611 3129 laborare,
635 3047 719 3112 sicut
740 3045 789 3111 illi
808 3046 931 3125 volunt,
954 3070 1073 3137 nempe
1088 3055 1238 3132 sartores,
1262 3057 1385 3116 sutores

87 3158 148 3217 etc.
172 3159 206 3216 et
238 3150 305 3219 alii.
348 3149 433 3215 Item
470 3149 586 3216 musici
619 3149 811 3216 saltantibus
843 3173 902 3239 pro
936 3151 1032 3219 libitu
1064 3152 1223 3219 inservire
1258 3152 1385 3240 debent,

87 3254 272 3323 atmodum
294 3254 381 3321 hunc
404 3262 588 3340 sequantur.
634 3252 685 3320 Ita
708 3255 804 3321 etiam
827 3255 909 3323 tales
945 3257 1056 3323 clerici
1077 3266 1190 3347 aptant
1210 3255 1314 3325 fidem
1334 3258 1385 3329 ho

86 3359 240 3444 minibus,
274 3359 352 3426 dum
386 3359 507 3442 volunt,
544 3381 604 3446 pro
632 3357 798 3426 voluntate
821 3371 852 3426 et
873 3361 1079 3449 beneplacito
1109 3361 1289 3448 hominum,
1325 3386 1385 3431 non

89 3465 173 3532 sicut
194 3465 286 3530 Deus
308 3464 477 3552 praecipit,
501 3464 543 3528 de
565 3464 658 3552 cujus
680 3464 846 3532 voluntate
868 3475 901 3533 et
921 3476 1097 3555 praecepto
1119 3489 1289 3556 nunquam
1301 3490 1384 3536 men·

88 3570 134 3637 tio
156 3567 334 3637 factaluit.
861 3566 864 3573 ⁴

173 3674 203 3740 Ο
226 3671 391 3739 maledicti
422 3670 497 3737 falsi
518 3672 706 3759 prophetae,
740 3675 795 3761 qui
817 3697 876 3741 vos
898 3676 1085 3743 assimilatis
1106 3677 1275 3767 prophetis
1299 3677 1383 3766 regis

88 3776 215 3864 Achab,
238 3788 271 3844 et
292 3779 380 3866 regis
405 3777 594 3846 Sedechiae.
640 3779 797 3867 Adeoque
819 3804 879 3868 per
899 3782 1083 3871 voluptates
1119 3791 1233 3850 contra
1254 3784 1383 3851 consci-

10 3960 14 3966 ,
87 3885 209 3951 entiam
230 3907 321 3950 suam
343 3883 474 3971 publice
508 3884 580 3949 ausi
602 3893 678 3950 sunt
700 3886 855 3951 seducere
889 3887 1036 3955 homines
1069 3890 1103 3955 in
1124 3890 1320 3977 perniciem,
1352 3891 1383 3955 in

87 4010 153 4080 qua
181 3988 347 4078 hypocrisi
368 3988 460 4054 multi
485 3989 617 4055 eosdem
651 3999 880 4077 cognoverunt.
929 3993 1017 4059 Dum
1040 3992 1182 4060 enimin
1204 3994 1335 4062 occulto
1354 4001 1384 4060 et

86 4103 225 4180 angusto
251 4094 400 4160 conclavi
422 4093 554 4181 quidam
576 4116 651 4159 cum
672 4096 789 4161 iisdem
811 4095 994 4163 discursum
1015 4099 1166 4182 inierunt,
1189 4101 1280 4166 omni
1303 4100 1383 4167 veri·

87 4200 145 4264 tati
166 4198 250 4286 legis
272 4199 404 4267 divinae
426 4201 532 4268 locum
555 4201 724 4287 dederunt,
748 4214 780 4269 et
803 4206 1038 4274 confirmabant
1058 4207 1124 4273 illis
1147 4209 1266 4292 omnia,
1305 4209 1383 4298 ipsi·

85 4312 153 4380 met
174 4313 416 4371 contemnentes
445 4309 612 4395 proposita
642 4331 718 4393 sua3
755 4310 789 4373 in
823 4309 969 4377 ecclesiis
1003 4335 1081 4379 vero
1113 4335 1188 4377 oum
1221 4312 1381 4380 similibus

85 4430 252 4497 nunquam
274 4409 309 4475 in
332 4409 437 4476 lucem
459 4412 590 4499 prodire
612 4412 792 4491 voluerunt,
827 4416 902 4502 quia
924 4415 1009 4481 mala
1031 4416 1163 4483 illorum
1185 4419 1383 4490 conscientia

86 4534 143 4580 eos
164 4512 377 4601 impediebat,
412 4516 478 4580 imo
500 4517 535 4582 in
558 4515 708 4583 omnibus
732 4527 870 4607 excepta
891 4521 1037 4605 veritate,
1074 4520 1277 4609 adjuverunt
1322 4522 1382 4588 Tu·

85 4625 198 4684 tumne
222 4627 280 4702 est,
303 4641 324 4684 a
346 4618 464 4686 talibus
487 4623 557 4706 regi
579 4623 773 4712 pastoribus,
798 4632 830 4689 et
862 4625 985 4691 animas
1010 4648 1084 4692 suas
1115 4626 1162 4691 eis
1185 4628 1384 4693 committere

83 4729 120 4796 et
141 4721 328 4791 confidere?
363 4724 438 4791 Non
470 4734 596 4794 tantum
630 4730 789 4817 scriptura
821 4751 924 4809 sacra,
959 4730 1017 4798 sed
1042 4739 1075 4798 et
1095 4752 1175 4799 sana
1195 4731 1278 4811 ratio
1314 4731 1385 4800 huic
