2948 5040
137 152 180 223 m

131 327 288 415 Virginis,
331 330 578 395 resurrectionis
611 329 744 415 Ohristi,
779 338 811 395 ct
838 331 873 396 in
907 330 1032 397 coelum
1073 330 1285 413 ascensionis,
1325 337 1432 417 pente·

129 441 235 498 costes
269 456 326 499 seu
358 434 498 522 Spiritus
534 432 646 500 Sancti
690 436 865 512 missionis,
907 432 1047 501 Sanctae
1081 434 1259 518 Trinitatis,
1283 435 1429 522 conponis

130 535 262 620 Christi,
285 539 319 601 in
342 537 468 603 coelum
489 539 719 625 assumptionis
742 537 887 625 Virginis
909 537 1043 615 Mariae,
1065 537 1265 624 angelorum,
1289 540 1432 605 omnium

128 647 321 724 sanctorum,
345 643 428 706 festa
450 642 678 730 apostolorum,
703 663 787 728 quae
808 641 1052 707 fundamentum
1094 645 1129 707 in
1152 665 1244 709 sacra
1273 643 1432 731 scriptun

128 746 250 813 habent
261 794 270 828 ,
305 746 339 811 S.
372 746 510 810 Joannis
541 746 715 832 baptistae,
756 745 880 810 Mariae
914 744 1138 831 Magdalenae,
1173 746 1206 812 S.
1245 745 1429 826 Laurentii,

127 852 275 938 magistri
296 850 432 916 Joannis
456 850 563 932 Husii,
588 859 620 915 et
641 850 776 914 aliorum
799 849 976 915 Bohemiae
1008 849 1203 936 haeredum3
1238 850 1306 915 alia
1325 857 1430 915 autem

126 957 210 1022 festa
232 954 347 1020 diebus
370 953 542 1018 dominicis
567 953 813 1018 commemorari
851 960 996 1038 possunt,
1030 961 1063 1018 et
1096 953 1158 1019 boc
1189 952 1275 1036 ideo,
1306 974 1353 1021 ne
1382 953 1429 1019 ho-

128 1062 233 1125 mines
257 1058 372 1124 dicbus
395 1056 519 1122 feriatis
556 1058 822 1121 sustentationem
847 1079 938 1120 suam
961 1065 993 1122 et
1015 1056 1143 1124 labores
1178 1056 1364 1143 negligant,
1399 1066 1425 1123 et

126 1188 185 1254 per
207 1165 306 1230 otium
329 1185 459 1228 causam
481 1161 640 1248 peccandi
680 1184 745 1226 non
768 1169 899 1249 ponant,
935 1162 982 1225 sic
1012 1171 1045 1226 et
1066 1160 1169 1226 multa
1190 1160 1277 1226 mala
1310 1161 1427 1227 evitare

125 1271 260 1357 possint.
306 1267 466 1332 Dominus
491 1266 583 1331 Deus
607 1264 671 1348 det,
708 1275 744 1331 ut
765 1265 799 1330 hi
821 1264 949 1330 articuli
971 1267 1006 1330 in
1027 1266 1119 1331 initio
1150 1265 1216 1330 sint
1246 1283 1308 1351 pro
1339 1264 1427 1346 bono,

125 1371 159 1438 in
182 1371 340 1438 Bohcmia
362 1391 421 1456 pro
443 1369 551 1434 medio
575 1369 711 1452 meliori,
736 1378 768 1434 et
792 1368 834 1434 ad
856 1369 1008 1435 ultimum
1029 1391 1088 1456 pro
1110 1369 1176 1434 fine
1198 1370 1381 1455 exquisito.

1060 1474 1238 1560 Hucusque
1260 1472 1349 1539 finis.

122 1680 126 1727 ἶ
219 1682 384 1747 Articulos
408 1679 483 1746 illos
518 1681 613 1768 hujus
637 1689 814 1746 conventus
838 1680 951 1747 Gallus
982 1675 1266 1764 (inobaudiens,
1290 1691 1429 1769 protunc

129 1787 255 1852 futurus
284 1786 525 1851 administrator
557 1787 629 1872 ipse
653 1785 853 1872 conscripsit,
889 1793 922 1850 et
942 1782 1076 1849 aliunde
1099 1786 1274 1872 excerpsit,
1298 1794 1334 1851 et
1351 1788 1429 1853 inter

128 1891 193 1957 alia
218 1891 258 1954 ad
285 1890 539 1956 confirmandum
562 1890 679 1972 intulit,
701 1891 787 1955 inter
810 1911 890 1976 quos
911 1887 1063 1954 articulos
1093 1889 1191 1952 etiam
1222 1889 1352 1976 aliquos
1374 1893 1426 1957 im·

132 1997 240 2082 posuit
270 1996 347 2059 satis
378 1994 652 2077 inconvenientes,
683 1995 874 2082 praesertim
906 1994 1014 2074 istum,
1048 1990 1124 2056 dum
1156 1993 1286 2058 efficere
1316 1995 1426 2071 voluit,

129 2110 166 2166 ut
189 2100 300 2165 clerici
328 2102 564 2164 matrimonium
597 2099 718 2175 ineant,
754 2097 811 2163 sed
845 2096 886 2161 ab
920 2096 998 2161 aliis
1023 2094 1189 2161 disuasum
1222 2096 1293 2179 fuit,
1329 2098 1376 2163 ita
1397 2106 1427 2162 ut

129 2226 196 2270 non
218 2205 339 2268 fuerint
372 2201 543 2289 approbati
561 2255 564 2259 .
579 2210 611 2266 et
645 2205 794 2290 suscepti.
842 2200 969 2267 Deinde
1000 2203 1140 2290 ipsemet
1169 2200 1204 2265 in
1235 2203 1427 2269 contrarium

131 2308 240 2373 omnia
262 2307 381 2389 docuit,
404 2328 529 2394 negans
541 2306 621 2370 haec
637 2314 669 2371 et
689 2306 754 2371 alia
776 2306 885 2371 verbis
905 2314 937 2371 et
959 2327 1066 2392 opere,
1099 2326 1259 2370 excusans
1276 2326 1325 2388 se,
1349 2304 1428 2393 quod

130 2411 197 2488 illa,
222 2433 304 2497 quae
338 2412 414 2497 egit,
448 2410 520 2475 aliis
553 2413 587 2475 in
609 2410 847 2497 beneplacitum
881 2418 914 2475 et
935 2410 1080 2476 favorem
1102 2431 1200 2496 agere
1222 2417 1254 2474 et
1283 2410 1425 2479 conseri·

130 2513 209 2581 bere
233 2515 391 2598 debuerit,
416 2514 474 2580 sed
499 2537 572 2580 oum
594 2515 645 2580 his
671 2516 780 2599 tacuit,
804 2514 890 2602 quod
911 2517 982 2603 ipse
1004 2515 1151 2592 voluerit,
1174 2521 1211 2578 ut
1225 2513 1340 2580 clerici
1361 2535 1424 2580 mu·

130 2620 317 2685 trimonium
355 2620 475 2702 ineant,
512 2621 597 2684 sicut
617 2621 756 2707 ipsemet
784 2619 865 2685 illud
899 2628 1056 2685 attentare
1079 2620 1182 2686 voluit
1203 2640 1313 2683 coram
1336 2618 1428 2698 clero,

122 2733 165 2789 et
185 2746 322 2789 uxorem
353 2723 482 2807 ducere,
517 2724 603 2810 quod
635 2733 743 2788 autem
774 2724 825 2789 illi
863 2746 929 2790 non
962 2726 1128 2806 successit,
1152 2721 1211 2788 sed
1233 2722 1341 2807 primo
1363 2723 1429 2809 jam

131 2828 285 2894 sacerdos
322 2829 475 2911 existens,
508 2828 670 2893 fortunam
699 2828 866 2893 meliorem
901 2829 1071 2914 quaesivit,
1110 2835 1146 2891 ut
1175 2824 1257 2891 illud
1286 2825 1430 2891 obtinere

132 2935 246 3022 possit,
270 2932 357 3020 quod
378 2943 474 2999 antea
497 2933 658 3019 cupiebat,
681 2941 713 2997 et
734 2933 780 2996 ita
801 2931 920 2996 redivit
941 2933 983 2996 ad
1004 2932 1160 2997 vomitum
1178 2951 1291 3013 suum3
1320 2937 1431 2994 natura

134 3039 220 3103 enim
243 3034 324 3103 haec
348 3045 398 3101 est
419 3037 651 3125 prophetarum
673 3035 838 3118 falsorum,
862 3036 917 3121 qui
938 3058 997 3123 pro
1019 3037 1159 3125 pecunia
1181 3034 1291 3101 omnia
1325 3038 1431 3120 agunt,

131 3150 290 3228 negantes
323 3164 402 3208 vera
436 3151 468 3207 et
501 3141 543 3205 ad
576 3140 658 3205 falsa
690 3162 725 3205 se
758 3148 993 3205 convertentes.
1038 3139 1094 3206 Sic
1127 3139 1225 3204 etiam
1255 3137 1325 3222 egit
1360 3143 1431 3203 aute

136 3244 322 3332 quindecim
361 3267 462 3310 annos
495 3246 650 3329 magister
682 3242 843 3329 Georgius
877 3243 996 3308 Souka
1039 3240 1296 3322 Obrudimensis,
1332 3239 1432 3307 abbas

141 3348 304 3434 quondam
324 3348 513 3413 monasterii
536 3347 730 3412 Slowanesis
752 3347 787 3411 in
808 3368 894 3413 nova
904 3348 1036 3413 civitate
1053 3347 1220 3432 Pragensi,
1251 3345 1307 3431 qui
1322 3345 1434 3411 doctor

134 3458 166 3515 et
203 3451 354 3516 sacerdos
387 3452 531 3515 existens
565 3448 711 3513 defendit
739 3451 909 3515 veritatem
940 3451 1181 3517 communionis
1218 3449 1369 3535 corporis
1405 3454 1434 3510 et

140 3556 308 3640 sanguinis
343 3553 465 3619 Christi
498 3553 557 3618 sub
586 3563 722 3642 utraque
755 3557 875 3645 specie,
910 3555 1042 3620 tandem
1064 3553 1284 3642 complacens
1306 3551 1381 3634 sibi,
1404 3551 1434 3616 in

133 3658 256 3723 honore
278 3658 449 3740 mundano,
473 3658 533 3722 ivit
555 3657 761 3725 Olomucium
782 3662 818 3724 in
840 3660 1019 3726 Moraviam
1041 3661 1126 3725 inter
1147 3658 1314 3724 Romanae
1359 3653 1434 3721 fidoi

135 3762 359 3844 adhaerentes,
390 3783 463 3825 oum
493 3761 610 3847 quibus
634 3762 824 3829 cohabitans
856 3765 1026 3830 veritatem
1049 3763 1186 3850 primam
1207 3761 1386 3848 abnegavit
1405 3764 1435 3824 ot

133 3867 329 3931 contrarium
363 3864 481 3929 docuit.
529 3866 620 3932 Deus
653 3877 761 3932 autem
794 3869 946 3957 injuriam
969 3868 1054 3933 hano
1076 3866 1295 3952 conspiciens,
1330 3862 1434 3930 subito

131 3969 270 4033 immisit
293 3989 389 4054 super
421 3968 561 4034 'eundem
590 3972 742 4037 miseram
776 3981 808 4036 ct
839 3972 1103 4037 contumeliosam
1137 3979 1283 4037 mortem.
1339 3965 1435 4032 cuca

131 4073 219 4137 hunc
244 4073 340 4136 etiam
375 4093 498 4158 canem,
522 4075 652 4142 Gallum
673 4079 813 4160 nominc,
836 4086 952 4143 ventus
977 4075 1050 4142 talis
1072 4083 1216 4162 gyratur,
1246 4072 1331 4138 sicut
1352 4069 1435 4136 infra

132 4176 288 4241 audietur.
333 4173 420 4256 Quid
443 4178 572 4244 tandem
605 4180 748 4247 firturum
781 4183 833 4263 sit,
866 4181 958 4245 Deus
981 4181 1119 4268 ipsemet
1152 4177 1293 4260 noverit,
1327 4175 1436 4241 variae

133 4281 218 4344 enim
240 4301 365 4366 poenae
386 4303 406 4346 a
429 4283 501 4348 Deo
523 4307 622 4374 puper
644 4286 726 4352 tales
749 4285 933 4370 transfugas
969 4283 1082 4350 venire
1117 4283 1231 4350 solent
1274 4279 1435 4369 Tempore

135 4392 313 4448 conventus
335 4384 422 4450 illius
446 4410 557 4454 omnes
580 4399 646 4455 tres
670 4397 771 4454 status
794 4387 1025 4455 confirmarunt
1058 4410 1132 4454 eum
1164 4389 1201 4452 iu
1226 4383 1435 4451 adminicut-

131 4493 236 4551 torem
257 4489 446 4576 perfectum,
481 4492 523 4557 ob
546 4495 638 4580 cujus
660 4494 750 4558 vitae
771 4492 904 4558 modum
937 4515 1011 4560 eum
1044 4514 1142 4559 nosse
1164 4489 1300 4577 dignum
1322 4495 1385 4571 est,
1407 4492 1437 4552 st

131 4588 189 4656 ubi
212 4614 246 4658 se
269 4597 396 4662 occasio
419 4596 583 4680 obtulerit,
606 4597 693 4684 quod
714 4605 839 4663 rectum
862 4609 912 4665 est
942 4610 975 4666 et
1001 4598 1185 4668 hominibus
1212 4600 1335 4682 nohum,
1356 4597 1436 4667 noti·
1471 4670 1473 4683 Ι

131 4695 230 4764 ficare
252 4721 318 4766 non
339 4700 560 4766 intermittam.
1207 4698 1211 4705 '
