<?xml version="1.0" encoding="UTF-8"?>
<!DOCTYPE html PUBLIC "-//W3C//DTD XHTML 1.0 Transitional//EN"
    "http://www.w3.org/TR/xhtml1/DTD/xhtml1-transitional.dtd">
<html xmlns="http://www.w3.org/1999/xhtml" xml:lang="en" lang="en">
 <head>
  <title>
</title>
<meta http-equiv="Content-Type" content="text/html;charset=utf-8" />
  <meta name='ocr-system' content='tesseract 3.04.00' />
  <meta name='ocr-capabilities' content='ocr_page ocr_carea ocr_par ocr_line ocrx_word'/>
</head>
<body>
  <div class='ocr_page' id='page_1' title='image "./desbartholomusv00bartgoog_0242.png"; bbox 0 0 2948 5040; ppageno 0'>
   <div class='ocr_carea' id='block_1_1' title="bbox 137 151 203 220">
    <p class='ocr_par' dir='ltr' id='par_1_1' title="bbox 137 151 203 220">
     <span class='ocr_line' id='line_1_1' title="bbox 137 151 203 220; baseline 0.015 -1"><span class='ocrx_word' id='word_1_1' title='bbox 137 151 203 220; x_wconf 65' lang='lat'><strong>220</strong></span> 
     </span>
    </p>
   </div>
   <div class='ocr_carea' id='block_1_2' title="bbox 50 318 1428 4812">
    <p class='ocr_par' dir='ltr' id='par_1_2' title="bbox 50 318 1428 4812">
     <span class='ocr_line' id='line_1_2' title="bbox 143 318 1428 391; baseline -0.002 0"><span class='ocrx_word' id='word_1_2' title='bbox 143 322 202 391; x_wconf 90' lang='lat' dir='ltr'><strong>ubi</strong></span> <span class='ocrx_word' id='word_1_3' title='bbox 226 320 346 390; x_wconf 87' lang='lat' dir='ltr'><strong>consul</strong></span> <span class='ocrx_word' id='word_1_4' title='bbox 368 327 400 387; x_wconf 91' lang='lat' dir='ltr'><strong>et</strong></span> <span class='ocrx_word' id='word_1_5' title='bbox 424 341 535 388; x_wconf 88' lang='lat' dir='ltr'><strong>omnes</strong></span> <span class='ocrx_word' id='word_1_6' title='bbox 556 320 613 389; x_wconf 90' lang='lat' dir='ltr'><strong>alii</strong></span> <span class='ocrx_word' id='word_1_7' title='bbox 634 320 790 390; x_wconf 82' lang='lat' dir='ltr'><strong>officiales</strong></span> <span class='ocrx_word' id='word_1_8' title='bbox 810 321 941 391; x_wconf 88' lang='lat' dir='ltr'><strong>nomine</strong></span> <span class='ocrx_word' id='word_1_9' title='bbox 962 319 1201 389; x_wconf 86' lang='lat' dir='ltr'><strong>communitatis</strong></span> <span class='ocrx_word' id='word_1_10' title='bbox 1209 318 1347 389; x_wconf 81' lang='lat' dir='ltr'><strong>foedera</strong></span> <span class='ocrx_word' id='word_1_11' title='bbox 1354 320 1428 389; x_wconf 87' lang='lat' dir='ltr'><strong>inie-</strong></span> 
     </span>
     <span class='ocr_line' id='line_1_3' title="bbox 129 424 1427 515; baseline -0.003 -19"><span class='ocrx_word' id='word_1_12' title='bbox 129 437 219 507; x_wconf 64' lang='lat' dir='ltr'><strong>,runt</strong></span> <span class='ocrx_word' id='word_1_13' title='bbox 242 449 317 509; x_wconf 79' lang='lat' dir='ltr'><strong>cunr</strong></span> <span class='ocrx_word' id='word_1_14' title='bbox 339 433 453 493; x_wconf 87' lang='lat' dir='ltr'><strong>senatu</strong></span> <span class='ocrx_word' id='word_1_15' title='bbox 475 435 587 493; x_wconf 90' lang='lat' dir='ltr'><strong>contra</strong></span> <span class='ocrx_word' id='word_1_16' title='bbox 608 424 779 514; x_wconf 81' lang='lat' dir='ltr'><strong>relegatos,</strong></span> <span class='ocrx_word' id='word_1_17' title='bbox 811 435 848 493; x_wconf 89' lang='lat' dir='ltr'><strong>ut</strong></span> <span class='ocrx_word' id='word_1_18' title='bbox 869 427 1019 495; x_wconf 81' lang='lat' dir='ltr'><strong>invicem</strong></span> <span class='ocrx_word' id='word_1_19' title='bbox 1050 424 1209 515; x_wconf 82' lang='lat' dir='ltr'><strong>adjuvent</strong></span> <span class='ocrx_word' id='word_1_20' title='bbox 1237 433 1273 492; x_wconf 89' lang='grc'><strong>61</strong></span> <span class='ocrx_word' id='word_1_21' title='bbox 1293 424 1427 493; x_wconf 89' lang='lat' dir='ltr'><strong>consilio</strong></span> 
     </span>
     <span class='ocr_line' id='line_1_4' title="bbox 68 514 1424 620; baseline -0.001 -22"><span class='ocrx_word' id='word_1_22' title='bbox 68 594 70 598; x_wconf 12' lang='grc' dir='ltr'><em>Α</em></span> <span class='ocrx_word' id='word_1_23' title='bbox 137 531 299 609; x_wconf 70' lang='lat' dir='ltr'><strong>assistant,</strong></span> <span class='ocrx_word' id='word_1_24' title='bbox 333 552 461 619; x_wconf 87' lang='lat' dir='ltr'><strong>semper</strong></span> <span class='ocrx_word' id='word_1_25' title='bbox 481 533 586 620; x_wconf 83' lang='lat' dir='ltr'><strong>magis</strong></span> <span class='ocrx_word' id='word_1_26' title='bbox 609 555 644 598; x_wconf 91' lang='lat' dir='ltr'><strong>se</strong></span> <span class='ocrx_word' id='word_1_27' title='bbox 665 533 839 615; x_wconf 56' lang='lat' dir='ltr'><strong>firmantes,</strong></span> <span class='ocrx_word' id='word_1_28' title='bbox 872 514 1041 607; x_wconf 76' lang='lat' dir='ltr'><strong>Rsxanle</strong></span> <span class='ocrx_word' id='word_1_29' title='bbox 1061 530 1185 599; x_wconf 85' lang='lat' dir='ltr'><strong>abitum</strong></span> <span class='ocrx_word' id='word_1_30' title='bbox 1217 553 1314 598; x_wconf 88' lang='lat' dir='ltr'><strong>suurn</strong></span> <span class='ocrx_word' id='word_1_31' title='bbox 1337 553 1424 597; x_wconf 85' lang='lat' dir='ltr'><strong>man·</strong></span> 
     </span>
     <span class='ocr_line' id='line_1_5' title="bbox 137 634 1425 725; baseline -0.002 -21"><span class='ocrx_word' id='word_1_32' title='bbox 137 638 228 704; x_wconf 86' lang='lat' dir='ltr'><strong>davit</strong></span> <span class='ocrx_word' id='word_1_33' title='bbox 249 636 379 702; x_wconf 92' lang='lat' dir='ltr'><strong>domino</strong></span> <span class='ocrx_word' id='word_1_34' title='bbox 400 634 479 702; x_wconf 86' lang='lat' dir='ltr'><strong>Lew</strong></span> <span class='ocrx_word' id='word_1_35' title='bbox 510 636 719 723; x_wconf 75' lang='lat' dir='ltr'><strong>burggravio,</strong></span> <span class='ocrx_word' id='word_1_36' title='bbox 734 658 737 663; x_wconf 91' lang='lat'>·</span> <span class='ocrx_word' id='word_1_37' title='bbox 752 636 882 703; x_wconf 88' lang='lat' dir='ltr'><strong>domino</strong></span> <span class='ocrx_word' id='word_1_38' title='bbox 904 637 1024 703; x_wconf 81' lang='lat' dir='ltr'><strong>Joanni</strong></span> <span class='ocrx_word' id='word_1_39' title='bbox 1044 635 1086 703; x_wconf 87' lang='lat' dir='ltr'><strong>de</strong></span> <span class='ocrx_word' id='word_1_40' title='bbox 1107 634 1352 722; x_wconf 85' lang='lat' dir='ltr'><strong>Wartemberg‚</strong></span> <span class='ocrx_word' id='word_1_41' title='bbox 1364 635 1425 725; x_wconf 18' lang='lat' dir='ltr'><strong>*do</strong></span> 
     </span>
     <span class='ocr_line' id='line_1_6' title="bbox 138 734 1421 831; baseline -0.002 -22"><span class='ocrx_word' id='word_1_42' title='bbox 138 745 228 809; x_wconf 92' lang='lat' dir='ltr'><strong>mino</strong></span> <span class='ocrx_word' id='word_1_43' title='bbox 250 740 443 813; x_wconf 75' lang='lat' dir='ltr'><strong>Sebastiano</strong></span> <span class='ocrx_word' id='word_1_44' title='bbox 477 741 519 806; x_wconf 91' lang='lat' dir='ltr'><strong>de</strong></span> <span class='ocrx_word' id='word_1_45' title='bbox 540 741 720 831; x_wconf 81' lang='lat' dir='ltr'><strong>Weitmlibl</strong></span> <span class='ocrx_word' id='word_1_46' title='bbox 742 764 785 807; x_wconf 87' lang='lat' dir='ltr'><strong>ex</strong></span> <span class='ocrx_word' id='word_1_47' title='bbox 818 740 1019 831; x_wconf 75' lang='lat' dir='ltr'><strong>proceribus,</strong></span> <span class='ocrx_word' id='word_1_48' title='bbox 1052 749 1085 806; x_wconf 91' lang='lat' dir='ltr'><strong>et</strong></span> <span class='ocrx_word' id='word_1_49' title='bbox 1111 734 1244 805; x_wconf 79' lang='lat' dir='ltr'><strong>&#39;dominc</strong></span> <span class='ocrx_word' id='word_1_50' title='bbox 1276 738 1421 815; x_wconf 81' lang='lat' dir='ltr'><strong>Hearico</strong></span> 
     </span>
     <span class='ocr_line' id='line_1_7' title="bbox 139 832 1421 934; baseline -0.004 -21"><span class='ocrx_word' id='word_1_51' title='bbox 139 832 274 913; x_wconf 78' lang='lat' dir='ltr'><strong>Hlor&#39;ek·</strong></span> <span class='ocrx_word' id='word_1_52' title='bbox 298 869 341 911; x_wconf 83' lang='lat' dir='ltr'><strong>ex</strong></span> <span class='ocrx_word' id='word_1_53' title='bbox 378 839 550 934; x_wconf 86' lang='lat' dir='ltr'><strong>equitibus,</strong></span> <span class='ocrx_word' id='word_1_54' title='bbox 583 869 743 912; x_wconf 87' lang='lat' dir='ltr'><strong>cameram</strong></span> <span class='ocrx_word' id='word_1_55' title='bbox 773 847 898 933; x_wconf 86' lang='lat' dir='ltr'><strong>regiam</strong></span> <span class='ocrx_word' id='word_1_56' title='bbox 927 853 1004 911; x_wconf 87' lang='lat' dir='ltr'><strong>tunc</strong></span> <span class='ocrx_word' id='word_1_57' title='bbox 1025 843 1298 930; x_wconf 81' lang='lat' dir='ltr'><strong>gubernantibus„</strong></span> <span class='ocrx_word' id='word_1_58' title='bbox 1329 844 1421 909; x_wconf 88' lang='lat' dir='ltr'><strong>utin</strong></span> 
     </span>
     <span class='ocr_line' id='line_1_8' title="bbox 135 946 1422 1041; baseline -0.002 -24"><span class='ocrx_word' id='word_1_59' title='bbox 135 952 188 1018; x_wconf 88' lang='lat' dir='ltr'><strong>die</strong></span> <span class='ocrx_word' id='word_1_60' title='bbox 209 951 415 1040; x_wconf 89' lang='lat' dir='ltr'><strong>reliquiarum</strong></span> <span class='ocrx_word' id='word_1_61' title='bbox 430 952 577 1038; x_wconf 86' lang='lat' dir='ltr'><strong>proxime</strong></span> <span class='ocrx_word' id='word_1_62' title='bbox 588 952 694 1018; x_wconf 85' lang='lat' dir='ltr'><strong>futura</strong></span> <span class='ocrx_word' id='word_1_63' title='bbox 716 950 760 1040; x_wconf 83' lang='lat'><strong>(8.</strong></span> <span class='ocrx_word' id='word_1_64' title='bbox 772 950 862 1041; x_wconf 80' lang='lat' dir='ltr'><strong>Maj.)</strong></span> <span class='ocrx_word' id='word_1_65' title='bbox 878 950 987 1021; x_wconf 85' lang='lat' dir='ltr'><strong>omnia</strong></span> <span class='ocrx_word' id='word_1_66' title='bbox 1000 946 1136 1015; x_wconf 86' lang='lat' dir='ltr'><strong>dissidia</strong></span> <span class='ocrx_word' id='word_1_67' title='bbox 1148 948 1231 1027; x_wconf 78' lang='lat' dir='ltr'><strong>inter</strong></span> <span class='ocrx_word' id='word_1_68' title='bbox 1242 948 1422 1035; x_wconf 78' lang='lat' dir='ltr'><strong>Pragenses</strong></span> 
     </span>
     <span class='ocr_line' id='line_1_9' title="bbox 135 1042 1422 1143; baseline -0.004 -22"><span class='ocrx_word' id='word_1_69' title='bbox 135 1042 294 1142; x_wconf 83' lang='lat' dir='ltr'><strong>relegatos</strong></span> <span class='ocrx_word' id='word_1_70' title='bbox 315 1056 529 1123; x_wconf 79' lang='lat' dir='ltr'><strong>amicabiliter</strong></span> <span class='ocrx_word' id='word_1_71' title='bbox 549 1062 762 1143; x_wconf 79' lang='lat' dir='ltr'><strong>oomp‘onant3</strong></span> <span class='ocrx_word' id='word_1_72' title='bbox 786 1056 922 1143; x_wconf 83' lang='lat' dir='ltr'><strong>quodsi</strong></span> <span class='ocrx_word' id='word_1_73' title='bbox 943 1076 1020 1120; x_wconf 78' lang='lat' dir='ltr'><strong>vcro</strong></span> <span class='ocrx_word' id='word_1_74' title='bbox 1042 1055 1090 1119; x_wconf 86' lang='lat' dir='ltr'><strong>ita</strong></span> <span class='ocrx_word' id='word_1_75' title='bbox 1109 1051 1264 1140; x_wconf 88' lang='lat' dir='ltr'><strong>componi·</strong></span> <span class='ocrx_word' id='word_1_76' title='bbox 1282 1074 1422 1141; x_wconf 88' lang='lat' dir='ltr'><strong>nonpo-</strong></span> 
     </span>
     <span class='ocr_line' id='line_1_10' title="bbox 134 1152 1423 1247; baseline -0.006 -19"><span class='ocrx_word' id='word_1_77' title='bbox 134 1163 263 1246; x_wconf 87' lang='lat' dir='ltr'><strong>tuerint,</strong></span> <span class='ocrx_word' id='word_1_78' title='bbox 301 1169 410 1236; x_wconf 85' lang='lat' dir='ltr'><strong>utres</strong></span> <span class='ocrx_word' id='word_1_79' title='bbox 432 1160 513 1227; x_wconf 86' lang='lat' dir='ltr'><strong>baec</strong></span> <span class='ocrx_word' id='word_1_80' title='bbox 535 1160 702 1226; x_wconf 88' lang='lat' dir='ltr'><strong>differatur</strong></span> <span class='ocrx_word' id='word_1_81' title='bbox 724 1181 826 1247; x_wconf 86' lang='lat' dir='ltr'><strong>usquc</strong></span> <span class='ocrx_word' id='word_1_82' title='bbox 847 1152 890 1224; x_wconf 82' lang='lat' dir='ltr'><strong>ad</strong></span> <span class='ocrx_word' id='word_1_83' title='bbox 911 1157 1049 1224; x_wconf 89' lang='lat' dir='ltr'><strong>reditum</strong></span> <span class='ocrx_word' id='word_1_84' title='bbox 1073 1179 1166 1222; x_wconf 87' lang='lat' dir='ltr'><strong>suum</strong></span> <span class='ocrx_word' id='word_1_85' title='bbox 1186 1179 1246 1244; x_wconf 89' lang='lat' dir='ltr'><strong>pro</strong></span> <span class='ocrx_word' id='word_1_86' title='bbox 1259 1155 1423 1221; x_wconf 81' lang='lat' dir='ltr'><strong>audientia</strong></span> 
     </span>
     <span class='ocr_line' id='line_1_11' title="bbox 135 1258 1420 1361; baseline -0.003 -30"><span class='ocrx_word' id='word_1_87' title='bbox 135 1275 168 1331; x_wconf 90' lang='lat' dir='ltr'><strong>et</strong></span> <span class='ocrx_word' id='word_1_88' title='bbox 182 1267 272 1354; x_wconf 91' lang='lat' dir='ltr'><strong>justo</strong></span> <span class='ocrx_word' id='word_1_89' title='bbox 288 1265 425 1355; x_wconf 86' lang='lat' dir='ltr'><strong>judicio.</strong></span> <span class='ocrx_word' id='word_1_90' title='bbox 467 1258 536 1330; x_wconf 67' lang='lat' dir='ltr'><strong>De&#39;</strong></span> <span class='ocrx_word' id='word_1_91' title='bbox 552 1265 602 1330; x_wconf 92' lang='lat' dir='ltr'><strong>bis</strong></span> <span class='ocrx_word' id='word_1_92' title='bbox 623 1286 702 1335; x_wconf 87' lang='lat' dir='ltr'><strong>vero</strong></span> <span class='ocrx_word' id='word_1_93' title='bbox 725 1264 873 1361; x_wconf 87' lang='lat' dir='ltr'><strong>omuibus</strong></span> <span class='ocrx_word' id='word_1_94' title='bbox 901 1285 1008 1350; x_wconf 87' lang='lat' dir='ltr'><strong>neque</strong></span> <span class='ocrx_word' id='word_1_95' title='bbox 1029 1262 1156 1327; x_wconf 88' lang='lat' dir='ltr'><strong>initium</strong></span> <span class='ocrx_word' id='word_1_96' title='bbox 1177 1270 1332 1349; x_wconf 86' lang='lat' dir='ltr'><strong>coeptum</strong></span> <span class='ocrx_word' id='word_1_97' title='bbox 1355 1260 1420 1339; x_wconf 79' lang='lat' dir='ltr'><strong>fuis,</strong></span> 
     </span>
     <span class='ocr_line' id='line_1_12' title="bbox 137 1365 1421 1456; baseline -0.003 -21"><span class='ocrx_word' id='word_1_98' title='bbox 137 1369 195 1435; x_wconf 89' lang='lat' dir='ltr'><strong>sed</strong></span> <span class='ocrx_word' id='word_1_99' title='bbox 218 1370 342 1435; x_wconf 87' lang='lat' dir='ltr'><strong>interea</strong></span> <span class='ocrx_word' id='word_1_100' title='bbox 365 1365 520 1456; x_wconf 81' lang='lat' dir='ltr'><strong>temporis</strong></span> <span class='ocrx_word' id='word_1_101' title='bbox 544 1367 1016 1456; x_wconf 82' lang='lat' dir='ltr'><strong>quaedcmalia..novaPragae</strong></span> <span class='ocrx_word' id='word_1_102' title='bbox 1037 1365 1245 1453; x_wconf 82' lang='lat' dir='ltr'><strong>postPasoba</strong></span> <span class='ocrx_word' id='word_1_103' title='bbox 1265 1365 1421 1451; x_wconf 74' lang='lat' dir='ltr'><strong>diederis</strong></span> 
     </span>
     <span class='ocr_line' id='line_1_13' title="bbox 136 1472 1422 1564; baseline -0.002 -24"><span class='ocrx_word' id='word_1_104' title='bbox 136 1475 239 1540; x_wconf 89' lang='lat' dir='ltr'><strong>sancti</strong></span> <span class='ocrx_word' id='word_1_105' title='bbox 259 1473 364 1555; x_wconf 85' lang='lat' dir='ltr'><strong>Marci</strong></span> <span class='ocrx_word' id='word_1_106' title='bbox 385 1474 468 1545; x_wconf 86' lang='lat' dir='ltr'><strong>festo</strong></span> <span class='ocrx_word' id='word_1_107' title='bbox 491 1473 636 1561; x_wconf 86' lang='lat' dir='ltr'><strong>ejusdem</strong></span> <span class='ocrx_word' id='word_1_108' title='bbox 656 1474 734 1541; x_wconf 85' lang='lat' dir='ltr'><strong>anni</strong></span> <span class='ocrx_word' id='word_1_109' title='bbox 756 1472 924 1564; x_wconf 78' lang='lat' dir='ltr'><strong>(25.Apr.)</strong></span> <span class='ocrx_word' id='word_1_110' title='bbox 940 1477 1024 1540; x_wconf 90' lang='lat' dir='ltr'><strong>inter</strong></span> <span class='ocrx_word' id='word_1_111' title='bbox 1045 1475 1134 1563; x_wconf 90' lang='lat' dir='ltr'><strong>ipsos</strong></span> <span class='ocrx_word' id='word_1_112' title='bbox 1148 1473 1335 1560; x_wconf 79' lang='lat' dir='ltr'><strong>Bragens&#39;cs</strong></span> <span class='ocrx_word' id='word_1_113' title='bbox 1357 1480 1422 1540; x_wconf 91' lang='lat' dir='ltr'><strong>orta</strong></span> 
     </span>
     <span class='ocr_line' id='line_1_14' title="bbox 117 1564 1423 1669; baseline 0.004 -26"><span class='ocrx_word' id='word_1_114' title='bbox 117 1564 272 1646; x_wconf 42' lang='lat' dir='ltr'><strong>&#39;fuerunt</strong></span> <span class='ocrx_word' id='word_1_115' title='bbox 293 1579 382 1645; x_wconf 85' lang='lat' dir='ltr'><strong>Dum</strong></span> <span class='ocrx_word' id='word_1_116' title='bbox 405 1579 447 1646; x_wconf 90' lang='lat' dir='ltr'><strong>ad</strong></span> <span class='ocrx_word' id='word_1_117' title='bbox 470 1601 617 1645; x_wconf 80' lang='lat' dir='ltr'><strong>carceres</strong></span> <span class='ocrx_word' id='word_1_118' title='bbox 640 1577 801 1645; x_wconf 87' lang='lat' dir='ltr'><strong>duxerunt</strong></span> <span class='ocrx_word' id='word_1_119' title='bbox 823 1579 979 1669; x_wconf 83' lang='lat' dir='ltr'><strong>quosdam</strong></span> <span class='ocrx_word' id='word_1_120' title='bbox 1000 1579 1090 1646; x_wconf 82' lang='lat' dir='ltr'><strong>aives</strong></span> <span class='ocrx_word' id='word_1_121' title='bbox 1105 1603 1179 1647; x_wconf 90' lang='lat' dir='ltr'><strong>suos</strong></span> <span class='ocrx_word' id='word_1_122' title='bbox 1193 1569 1423 1666; x_wconf 68' lang='lat' dir='ltr'><strong>,notabiliorea</strong></span> 
     </span>
     <span class='ocr_line' id='line_1_15' title="bbox 135 1682 1421 1773; baseline 0.002 -23"><span class='ocrx_word' id='word_1_123' title='bbox 135 1706 252 1773; x_wconf 89' lang='lat' dir='ltr'><strong>nempe</strong></span> <span class='ocrx_word' id='word_1_124' title='bbox 264 1685 492 1751; x_wconf 87' lang='lat' dir='ltr'><strong>Wenoeslaum</strong></span> <span class='ocrx_word' id='word_1_125' title='bbox 501 1682 801 1773; x_wconf 65' lang='lat' dir='ltr'><strong>Soura-Modestum</strong></span> <span class='ocrx_word' id='word_1_126' title='bbox 813 1684 1015 1751; x_wconf 89' lang='lat' dir='ltr'><strong>etJoannem</strong></span> <span class='ocrx_word' id='word_1_127' title='bbox 1027 1683 1152 1770; x_wconf 86' lang='lat' dir='ltr'><strong>Slivka,</strong></span> <span class='ocrx_word' id='word_1_128' title='bbox 1173 1685 1278 1752; x_wconf 80' lang='lat' dir='ltr'><strong>aSue</strong></span> <span class='ocrx_word' id='word_1_129' title='bbox 1291 1685 1421 1771; x_wconf 88' lang='lat' dir='ltr'><strong>dictum,</strong></span> 
     </span>
     <span class='ocr_line' id='line_1_16' title="bbox 136 1774 1421 1879; baseline 0.002 -23"><span class='ocrx_word' id='word_1_130' title='bbox 136 1799 168 1856; x_wconf 90' lang='lat' dir='ltr'><strong>et</strong></span> <span class='ocrx_word' id='word_1_131' title='bbox 189 1791 336 1879; x_wconf 77' lang='lat' dir='ltr'><strong>quamvis</strong></span> <span class='ocrx_word' id='word_1_132' title='bbox 354 1791 452 1856; x_wconf 90' lang='lat' dir='ltr'><strong>etiam</strong></span> <span class='ocrx_word' id='word_1_133' title='bbox 462 1790 642 1879; x_wconf 86' lang='lat' dir='ltr'><strong>Brykcium</strong></span> <span class='ocrx_word' id='word_1_134' title='bbox 658 1774 814 1856; x_wconf 73' lang='lat' dir='ltr'><strong>Rchaoek</strong></span> <span class='ocrx_word' id='word_1_135' title='bbox 829 1788 992 1857; x_wconf 87' lang='lat' dir='ltr'><strong>voluerint</strong></span> <span class='ocrx_word' id='word_1_136' title='bbox 1006 1790 1218 1875; x_wconf 86' lang='lat' dir='ltr'><strong>incarcerare,</strong></span> <span class='ocrx_word' id='word_1_137' title='bbox 1231 1790 1303 1857; x_wconf 78' lang='lat' dir='ltr'><strong>¹scd</strong></span> <span class='ocrx_word' id='word_1_138' title='bbox 1315 1792 1421 1861; x_wconf 89' lang='lat' dir='ltr'><strong>nescio</strong></span> 
     </span>
     <span class='ocr_line' id='line_1_17' title="bbox 135 1892 1421 1988; baseline 0.004 -29"><span class='ocrx_word' id='word_1_139' title='bbox 135 1916 199 1984; x_wconf 89' lang='lat' dir='ltr'><strong>qua</strong></span> <span class='ocrx_word' id='word_1_140' title='bbox 219 1892 347 1988; x_wconf 61' lang='lat' dir='ltr'><strong>fortuna</strong></span> <span class='ocrx_word' id='word_1_141' title='bbox 368 1897 427 1969; x_wconf 79' lang='lat' dir='ltr'><strong>vix</strong></span> <span class='ocrx_word' id='word_1_142' title='bbox 449 1916 563 1961; x_wconf 89' lang='lat' dir='ltr'><strong>manus</strong></span> <span class='ocrx_word' id='word_1_143' title='bbox 587 1917 697 1960; x_wconf 89' lang='lat' dir='ltr'><strong>corum</strong></span> <span class='ocrx_word' id='word_1_144' title='bbox 721 1896 824 1962; x_wconf 83' lang='lat' dir='ltr'><strong>evasit</strong></span> <span class='ocrx_word' id='word_1_145' title='bbox 854 1904 886 1961; x_wconf 92' lang='lat' dir='ltr'><strong>et</strong></span> <span class='ocrx_word' id='word_1_146' title='bbox 918 1894 960 1961; x_wconf 90' lang='lat' dir='ltr'><strong>ad</strong></span> <span class='ocrx_word' id='word_1_147' title='bbox 982 1917 1091 1962; x_wconf 89' lang='lat' dir='ltr'><strong>arcem</strong></span> <span class='ocrx_word' id='word_1_148' title='bbox 1112 1899 1258 1982; x_wconf 77' lang='lat' dir='ltr'><strong>recessit,</strong></span> <span class='ocrx_word' id='word_1_149' title='bbox 1291 1908 1328 1964; x_wconf 88' lang='lat' dir='ltr'><strong>et</strong></span> <span class='ocrx_word' id='word_1_150' title='bbox 1342 1920 1421 1971; x_wconf 84' lang='lat' dir='ltr'><strong>¹con·</strong></span> 
     </span>
     <span class='ocr_line' id='line_1_18' title="bbox 134 1985 1422 2092; baseline 0.003 -25"><span class='ocrx_word' id='word_1_151' title='bbox 134 2009 289 2067; x_wconf 81' lang='lat' dir='ltr'><strong>vocantes</strong></span> <span class='ocrx_word' id='word_1_152' title='bbox 311 1994 589 2067; x_wconf 82' lang='lat' dir='ltr'><strong>communitatem</strong></span> <span class='ocrx_word' id='word_1_153' title='bbox 604 2002 639 2066; x_wconf 91' lang='lat' dir='ltr'><strong>in</strong></span> <span class='ocrx_word' id='word_1_154' title='bbox 670 2000 802 2084; x_wconf 89' lang='lat' dir='ltr'><strong>curiam,</strong></span> <span class='ocrx_word' id='word_1_155' title='bbox 834 2000 1048 2068; x_wconf 88' lang='lat' dir='ltr'><strong>intendebant</strong></span> <span class='ocrx_word' id='word_1_156' title='bbox 1080 1985 1230 2092; x_wconf 86' lang='lat' dir='ltr'><strong>torquere</strong></span> <span class='ocrx_word' id='word_1_157' title='bbox 1261 2003 1422 2071; x_wconf 89' lang='lat' dir='ltr'><strong>Joannem</strong></span> 
     </span>
     <span class='ocr_line' id='line_1_19' title="bbox 135 2104 1421 2196; baseline 0.003 -24"><span class='ocrx_word' id='word_1_158' title='bbox 135 2105 260 2190; x_wconf 87' lang='lat' dir='ltr'><strong>Slivka‚</strong></span> <span class='ocrx_word' id='word_1_159' title='bbox 282 2128 413 2171; x_wconf 87' lang='lat' dir='ltr'><strong>oausam</strong></span> <span class='ocrx_word' id='word_1_160' title='bbox 438 2113 601 2171; x_wconf 90' lang='lat' dir='ltr'><strong>sumentes</strong></span> <span class='ocrx_word' id='word_1_161' title='bbox 623 2104 664 2170; x_wconf 95' lang='lat' dir='ltr'><strong>ob</strong></span> <span class='ocrx_word' id='word_1_162' title='bbox 688 2105 846 2192; x_wconf 87' lang='lat' dir='ltr'><strong>quaedam</strong></span> <span class='ocrx_word' id='word_1_163' title='bbox 869 2107 1106 2196; x_wconf 35' lang='lat' dir='ltr'><strong>scripta,&lt;quae</strong></span> <span class='ocrx_word' id='word_1_164' title='bbox 1126 2108 1218 2174; x_wconf 88' lang='lat' dir='ltr'><strong>illum</strong></span> <span class='ocrx_word' id='word_1_165' title='bbox 1238 2108 1421 2187; x_wconf 75' lang='lat' dir='ltr'><strong>&#39;confecisse</strong></span> 
     </span>
     <span class='ocr_line' id='line_1_20' title="bbox 135 2210 1424 2302; baseline 0.004 -27"><span class='ocrx_word' id='word_1_166' title='bbox 135 2210 296 2294; x_wconf 83' lang='lat' dir='ltr'><strong>dicebant,</strong></span> <span class='ocrx_word' id='word_1_167' title='bbox 328 2219 361 2276; x_wconf 92' lang='lat' dir='ltr'><strong>et</strong></span> <span class='ocrx_word' id='word_1_168' title='bbox 392 2217 524 2302; x_wconf 78' lang='lat' dir='ltr'><strong>propter</strong></span> <span class='ocrx_word' id='word_1_169' title='bbox 553 2212 708 2298; x_wconf 79' lang='lat' dir='ltr'><strong>quasdam</strong></span> <span class='ocrx_word' id='word_1_170' title='bbox 741 2231 897 2298; x_wconf 88' lang='lat' dir='ltr'><strong>personas</strong></span> <span class='ocrx_word' id='word_1_171' title='bbox 921 2213 1000 2298; x_wconf 84' lang='lat' dir='ltr'><strong>&#39;regi</strong></span> <span class='ocrx_word' id='word_1_172' title='bbox 1027 2213 1223 2300; x_wconf 86' lang='lat' dir='ltr'><strong>porrexisse,</strong></span> <span class='ocrx_word' id='word_1_173' title='bbox 1259 2214 1351 2301; x_wconf 89' lang='lat' dir='ltr'><strong>quod</strong></span> <span class='ocrx_word' id='word_1_174' title='bbox 1380 2213 1424 2280; x_wconf 86' lang='lat' dir='ltr'><strong>illi</strong></span> 
     </span>
     <span class='ocr_line' id='line_1_21' title="bbox 50 2304 1422 2406; baseline 0.004 -26"><span class='ocrx_word' id='word_1_175' title='bbox 50 2397 53 2402; x_wconf 27' lang='grc' dir='ltr'>Ι</span> <span class='ocrx_word' id='word_1_176' title='bbox 134 2314 232 2381; x_wconf 87' lang='lat' dir='ltr'><strong>valde</strong></span> <span class='ocrx_word' id='word_1_177' title='bbox 254 2315 287 2379; x_wconf 92' lang='lat' dir='ltr'><strong>in</strong></span> <span class='ocrx_word' id='word_1_178' title='bbox 309 2313 429 2381; x_wconf 85' lang='lat' dir='ltr'><strong>malum</strong></span> <span class='ocrx_word' id='word_1_179' title='bbox 452 2315 631 2400; x_wconf 86' lang='lat' dir='ltr'><strong>vertebant,</strong></span> <span class='ocrx_word' id='word_1_180' title='bbox 656 2315 843 2405; x_wconf 87' lang='lat' dir='ltr'><strong>judicantes</strong></span> <span class='ocrx_word' id='word_1_181' title='bbox 865 2314 956 2381; x_wconf 91' lang='lat' dir='ltr'><strong>illum</strong></span> <span class='ocrx_word' id='word_1_182' title='bbox 989 2316 1101 2383; x_wconf 87' lang='lat' dir='ltr'><strong>ethos</strong></span> <span class='ocrx_word' id='word_1_183' title='bbox 1134 2325 1199 2384; x_wconf 88' lang='lat' dir='ltr'><strong>tres</strong></span> <span class='ocrx_word' id='word_1_184' title='bbox 1223 2304 1422 2406; x_wconf 78' lang='lat' dir='ltr'><strong>suprascrip</strong></span> 
     </span>
     <span class='ocr_line' id='line_1_22' title="bbox 134 2419 1422 2510; baseline 0.005 -26"><span class='ocrx_word' id='word_1_185' title='bbox 134 2429 183 2484; x_wconf 89' lang='lat' dir='ltr'><strong>tos</strong></span> <span class='ocrx_word' id='word_1_186' title='bbox 207 2440 279 2485; x_wconf 91' lang='lat' dir='ltr'><strong>cum</strong></span> <span class='ocrx_word' id='word_1_187' title='bbox 303 2419 453 2485; x_wconf 88' lang='lat' dir='ltr'><strong>exulibus</strong></span> <span class='ocrx_word' id='word_1_188' title='bbox 476 2421 748 2509; x_wconf 88' lang='lat' dir='ltr'><strong>conspirationem</strong></span> <span class='ocrx_word' id='word_1_189' title='bbox 771 2419 892 2487; x_wconf 89' lang='lat' dir='ltr'><strong>habere</strong></span> <span class='ocrx_word' id='word_1_190' title='bbox 923 2419 1085 2510; x_wconf 90' lang='lat' dir='ltr'><strong>quandam</strong></span> <span class='ocrx_word' id='word_1_191' title='bbox 1116 2430 1147 2487; x_wconf 89' lang='lat' dir='ltr'><strong>et</strong></span> <span class='ocrx_word' id='word_1_192' title='bbox 1179 2421 1422 2490; x_wconf 86' lang='lat' dir='ltr'><strong>inclinationem</strong></span> 
     </span>
     <span class='ocr_line' id='line_1_23' title="bbox 135 2514 1414 2611; baseline 0.003 -23"><span class='ocrx_word' id='word_1_193' title='bbox 135 2545 213 2610; x_wconf 86' lang='lat' dir='ltr'><strong>erga</strong></span> <span class='ocrx_word' id='word_1_194' title='bbox 239 2523 314 2589; x_wconf 91' lang='lat' dir='ltr'><strong>illos</strong></span> <span class='ocrx_word' id='word_1_195' title='bbox 349 2523 545 2611; x_wconf 75' lang='lat' dir='ltr'><strong>singularem</strong></span> <span class='ocrx_word' id='word_1_196' title='bbox 574 2523 695 2609; x_wconf 81' lang='lat' dir='ltr'><strong>foyere.</strong></span> <span class='ocrx_word' id='word_1_197' title='bbox 733 2514 820 2590; x_wconf 90' lang='lat' dir='ltr'><strong>Hinc</strong></span> <span class='ocrx_word' id='word_1_198' title='bbox 842 2546 917 2588; x_wconf 86' lang='lat' dir='ltr'><strong>non</strong></span> <span class='ocrx_word' id='word_1_199' title='bbox 949 2523 1159 2591; x_wconf 86' lang='lat' dir='ltr'><strong>morabantur</strong></span> <span class='ocrx_word' id='word_1_200' title='bbox 1180 2535 1353 2592; x_wconf 88' lang='lat' dir='ltr'><strong>senatores</strong></span> <span class='ocrx_word' id='word_1_201' title='bbox 1377 2524 1414 2591; x_wconf 81' lang='lat' dir='ltr'><strong>sd</strong></span> 
     </span>
     <span class='ocr_line' id='line_1_24' title="bbox 135 2628 1417 2718; baseline 0.002 -25"><span class='ocrx_word' id='word_1_202' title='bbox 135 2629 396 2694; x_wconf 86' lang='lat' dir='ltr'><strong>communitatem</strong></span> <span class='ocrx_word' id='word_1_203' title='bbox 426 2651 509 2705; x_wconf 48' lang='lat' dir='ltr'><strong>rem,</strong></span> <span class='ocrx_word' id='word_1_204' title='bbox 526 2628 610 2695; x_wconf 90' lang='lat' dir='ltr'><strong>hanc</strong></span> <span class='ocrx_word' id='word_1_205' title='bbox 643 2651 703 2718; x_wconf 91' lang='lat' dir='ltr'><strong>per</strong></span> <span class='ocrx_word' id='word_1_206' title='bbox 735 2628 860 2694; x_wconf 85' lang='lat' dir='ltr'><strong>Passek</strong></span> <span class='ocrx_word' id='word_1_207' title='bbox 893 2629 1031 2714; x_wconf 83' lang='lat' dir='ltr'><strong>deferre,</strong></span> <span class='ocrx_word' id='word_1_208' title='bbox 1063 2629 1227 2714; x_wconf 81' lang='lat' dir='ltr'><strong>dicentes,¹</strong></span> <span class='ocrx_word' id='word_1_209' title='bbox 1254 2631 1347 2717; x_wconf 89' lang='lat' dir='ltr'><strong>quod</strong></span> <span class='ocrx_word' id='word_1_210' title='bbox 1374 2629 1417 2696; x_wconf 87' lang='lat' dir='ltr'><strong>illi</strong></span> 
     </span>
     <span class='ocr_line' id='line_1_25' title="bbox 64 2733 1425 2829; baseline 0.003 -29"><span class='ocrx_word' id='word_1_211' title='bbox 64 2810 66 2815; x_wconf 44' lang='grc'>,</span> <span class='ocrx_word' id='word_1_212' title='bbox 135 2733 247 2801; x_wconf 85' lang='lat' dir='ltr'><strong>exules</strong></span> <span class='ocrx_word' id='word_1_213' title='bbox 269 2733 375 2801; x_wconf 87' lang='lat' dir='ltr'><strong>adbuc</strong></span> <span class='ocrx_word' id='word_1_214' title='bbox 395 2735 554 2825; x_wconf 85' lang='lat' dir='ltr'><strong>perficere</strong></span> <span class='ocrx_word' id='word_1_215' title='bbox 571 2758 636 2801; x_wconf 93' lang='lat' dir='ltr'><strong>non</strong></span> <span class='ocrx_word' id='word_1_216' title='bbox 657 2744 839 2825; x_wconf 89' lang='lat' dir='ltr'><strong>potnerunt,</strong></span> <span class='ocrx_word' id='word_1_217' title='bbox 861 2758 979 2823; x_wconf 86' lang='lat' dir='ltr'><strong>nempe</strong></span> <span class='ocrx_word' id='word_1_218' title='bbox 993 2736 1053 2829; x_wconf 86' lang='lat' dir='ltr'><strong>bos</strong></span> <span class='ocrx_word' id='word_1_219' title='bbox 1079 2735 1267 2819; x_wconf 88' lang='lat' dir='ltr'><strong>occidendo,</strong></span> <span class='ocrx_word' id='word_1_220' title='bbox 1291 2736 1357 2804; x_wconf 89' lang='lat' dir='ltr'><strong>hoo</strong></span> <span class='ocrx_word' id='word_1_221' title='bbox 1370 2758 1425 2826; x_wconf 89' lang='lat' dir='ltr'><strong>per</strong></span> 
     </span>
     <span class='ocr_line' id='line_1_26' title="bbox 132 2838 1425 2927; baseline 0.002 -23"><span class='ocrx_word' id='word_1_222' title='bbox 132 2838 366 2927; x_wconf 80' lang='lat' dir='ltr'><strong>illos&#39;quatuor</strong></span> <span class='ocrx_word' id='word_1_223' title='bbox 387 2863 473 2907; x_wconf 90' lang='lat' dir='ltr'><strong>nuno</strong></span> <span class='ocrx_word' id='word_1_224' title='bbox 507 2841 637 2909; x_wconf 87' lang='lat' dir='ltr'><strong>efficere</strong></span> <span class='ocrx_word' id='word_1_225' title='bbox 658 2841 840 2925; x_wconf 83' lang='lat' dir='ltr'><strong>voluerunt,</strong></span> <span class='ocrx_word' id='word_1_226' title='bbox 874 2863 947 2907; x_wconf 93' lang='lat' dir='ltr'><strong>oum</strong></span> <span class='ocrx_word' id='word_1_227' title='bbox 975 2840 1041 2906; x_wconf 92' lang='lat' dir='ltr'><strong>illis</strong></span> <span class='ocrx_word' id='word_1_228' title='bbox 1068 2839 1373 2927; x_wconf 83' lang='lat' dir='ltr'><strong>correspondentes,</strong></span> <span class='ocrx_word' id='word_1_229' title='bbox 1395 2849 1425 2908; x_wconf 87' lang='lat' dir='ltr'><strong>et</strong></span> 
     </span>
     <span class='ocr_line' id='line_1_27' title="bbox 134 2944 1422 3036; baseline 0.002 -26"><span class='ocrx_word' id='word_1_230' title='bbox 134 2944 191 3010; x_wconf 92' lang='lat' dir='ltr'><strong>ubi</strong></span> <span class='ocrx_word' id='word_1_231' title='bbox 214 2945 383 3035; x_wconf 84' lang='lat' dir='ltr'><strong>(dicebant</strong></span> <span class='ocrx_word' id='word_1_232' title='bbox 403 2946 465 3036; x_wconf 90' lang='grc'><strong>1111)</strong></span> <span class='ocrx_word' id='word_1_233' title='bbox 487 2947 574 3036; x_wconf 88' lang='lat' dir='ltr'><strong>apud</strong></span> <span class='ocrx_word' id='word_1_234' title='bbox 596 2946 739 3034; x_wconf 86' lang='lat' dir='ltr'><strong>aliquam</strong></span> <span class='ocrx_word' id='word_1_235' title='bbox 762 2946 893 3012; x_wconf 89' lang='lat' dir='ltr'><strong>domum</strong></span> <span class='ocrx_word' id='word_1_236' title='bbox 915 2954 1015 3016; x_wconf 86' lang='lat' dir='ltr'><strong>noctu</strong></span> <span class='ocrx_word' id='word_1_237' title='bbox 1036 2944 1199 3011; x_wconf 81' lang='lat' dir='ltr'><strong>funiculus</strong></span> <span class='ocrx_word' id='word_1_238' title='bbox 1221 2968 1241 3010; x_wconf 94' lang='lat' dir='ltr'><strong>a</strong></span> <span class='ocrx_word' id='word_1_239' title='bbox 1263 2968 1422 3035; x_wconf 73' lang='lat' dir='ltr'><strong>campana</strong></span> 
     </span>
     <span class='ocr_line' id='line_1_28' title="bbox 134 3048 1424 3139; baseline 0.002 -25"><span class='ocrx_word' id='word_1_240' title='bbox 134 3049 281 3137; x_wconf 87' lang='lat' dir='ltr'><strong>pendens</strong></span> <span class='ocrx_word' id='word_1_241' title='bbox 302 3052 454 3117; x_wconf 89' lang='lat' dir='ltr'><strong>inventus</strong></span> <span class='ocrx_word' id='word_1_242' title='bbox 476 3074 540 3118; x_wconf 90' lang='lat' dir='ltr'><strong>non</strong></span> <span class='ocrx_word' id='word_1_243' title='bbox 563 3051 668 3135; x_wconf 86' lang='lat' dir='ltr'><strong>fuerit,</strong></span> <span class='ocrx_word' id='word_1_244' title='bbox 691 3051 750 3117; x_wconf 87' lang='lat' dir='ltr'><strong>hos</strong></span> <span class='ocrx_word' id='word_1_245' title='bbox 763 3073 874 3117; x_wconf 88' lang='lat' dir='ltr'><strong>omnes</strong></span> <span class='ocrx_word' id='word_1_246' title='bbox 896 3050 968 3116; x_wconf 86' lang='lat' dir='ltr'><strong>aliis</strong></span> <span class='ocrx_word' id='word_1_247' title='bbox 990 3048 1219 3139; x_wconf 86' lang='lat' dir='ltr'><strong>adjuvantibus</strong></span> <span class='ocrx_word' id='word_1_248' title='bbox 1241 3051 1424 3117; x_wconf 81' lang='lat' dir='ltr'><strong>interficere</strong></span> 
     </span>
     <span class='ocr_line' id='line_1_29' title="bbox 135 3150 1424 3244; baseline -0.002 -23"><span class='ocrx_word' id='word_1_249' title='bbox 135 3150 313 3223; x_wconf 73' lang='lat' dir='ltr'><strong>uoluerunt.</strong></span> <span class='ocrx_word' id='word_1_250' title='bbox 349 3156 439 3222; x_wconf 83' lang='lat' dir='ltr'><strong>Inter</strong></span> <span class='ocrx_word' id='word_1_251' title='bbox 461 3178 596 3244; x_wconf 90' lang='lat' dir='ltr'><strong>quorum</strong></span> <span class='ocrx_word' id='word_1_252' title='bbox 620 3157 807 3223; x_wconf 87' lang='lat' dir='ltr'><strong>societatem</strong></span> <span class='ocrx_word' id='word_1_253' title='bbox 829 3157 926 3221; x_wconf 88' lang='lat' dir='ltr'><strong>etiam</strong></span> <span class='ocrx_word' id='word_1_254' title='bbox 949 3163 1105 3242; x_wconf 90' lang='lat' dir='ltr'><strong>ceperunt</strong></span> <span class='ocrx_word' id='word_1_255' title='bbox 1126 3162 1160 3219; x_wconf 92' lang='lat' dir='ltr'><strong>et</strong></span> <span class='ocrx_word' id='word_1_256' title='bbox 1179 3154 1424 3221; x_wconf 83' lang='lat' dir='ltr'><strong>incarcerarunt</strong></span> 
     </span>
     <span class='ocr_line' id='line_1_30' title="bbox 137 3246 1423 3347; baseline 0.002 -24"><span class='ocrx_word' id='word_1_257' title='bbox 137 3258 218 3324; x_wconf 88' lang='lat' dir='ltr'><strong>duas</strong></span> <span class='ocrx_word' id='word_1_258' title='bbox 240 3261 313 3347; x_wconf 89' lang='lat' dir='ltr'><strong>pias</strong></span> <span class='ocrx_word' id='word_1_259' title='bbox 336 3269 368 3326; x_wconf 92' lang='grc'><strong>61</strong></span> <span class='ocrx_word' id='word_1_260' title='bbox 390 3260 541 3327; x_wconf 87' lang='lat' dir='ltr'><strong>honestas</strong></span> <span class='ocrx_word' id='word_1_261' title='bbox 562 3259 678 3327; x_wconf 84' lang='lat' dir='ltr'><strong>viduas</strong></span> <span class='ocrx_word' id='word_1_262' title='bbox 701 3262 799 3345; x_wconf 90' lang='lat' dir='ltr'><strong>cives,</strong></span> <span class='ocrx_word' id='word_1_263' title='bbox 823 3282 927 3344; x_wconf 90' lang='lat' dir='ltr'><strong>senes,</strong></span> <span class='ocrx_word' id='word_1_264' title='bbox 950 3246 1085 3347; x_wconf 87' lang='lat' dir='ltr'><strong>quarum</strong></span> <span class='ocrx_word' id='word_1_265' title='bbox 1106 3281 1172 3325; x_wconf 88' lang='lat' dir='ltr'><strong>una</strong></span> <span class='ocrx_word' id='word_1_266' title='bbox 1194 3259 1340 3327; x_wconf 87' lang='lat' dir='ltr'><strong>Domina</strong></span> <span class='ocrx_word' id='word_1_267' title='bbox 1362 3258 1423 3326; x_wconf 85' lang='lat' dir='ltr'><strong>Su·</strong></span> 
     </span>
     <span class='ocr_line' id='line_1_31' title="bbox 136 3362 1422 3449; baseline 0.002 -22"><span class='ocrx_word' id='word_1_268' title='bbox 136 3385 238 3429; x_wconf 88' lang='lat' dir='ltr'><strong>sanna</strong></span> <span class='ocrx_word' id='word_1_269' title='bbox 258 3365 455 3449; x_wconf 77' lang='lat' dir='ltr'><strong>Frankiana,</strong></span> <span class='ocrx_word' id='word_1_270' title='bbox 489 3373 521 3430; x_wconf 92' lang='lat' dir='ltr'><strong>et</strong></span> <span class='ocrx_word' id='word_1_271' title='bbox 542 3364 644 3439; x_wconf 83' lang='lat' dir='ltr'><strong>altera</strong></span> <span class='ocrx_word' id='word_1_272' title='bbox 665 3365 833 3431; x_wconf 88' lang='lat' dir='ltr'><strong>Dorotbea</strong></span> <span class='ocrx_word' id='word_1_273' title='bbox 853 3363 1043 3429; x_wconf 88' lang='lat' dir='ltr'><strong>Rathauska</strong></span> <span class='ocrx_word' id='word_1_274' title='bbox 1075 3362 1116 3429; x_wconf 90' lang='lat' dir='ltr'><strong>de</strong></span> <span class='ocrx_word' id='word_1_275' title='bbox 1139 3362 1300 3429; x_wconf 84' lang='lat' dir='ltr'><strong>Tarmark</strong></span> <span class='ocrx_word' id='word_1_276' title='bbox 1325 3364 1422 3430; x_wconf 89' lang='lat' dir='ltr'><strong>nomi·</strong></span> 
     </span>
     <span class='ocr_line' id='line_1_32' title="bbox 136 3466 1421 3557; baseline 0.003 -26"><span class='ocrx_word' id='word_1_277' title='bbox 136 3467 306 3552; x_wconf 81' lang='lat' dir='ltr'><strong>rabuntur,</strong></span> <span class='ocrx_word' id='word_1_278' title='bbox 330 3491 419 3556; x_wconf 88' lang='lat' dir='ltr'><strong>quas</strong></span> <span class='ocrx_word' id='word_1_279' title='bbox 432 3470 587 3553; x_wconf 65' lang='lat' dir='ltr'><strong>ridicule,</strong></span> <span class='ocrx_word' id='word_1_280' title='bbox 600 3469 801 3553; x_wconf 87' lang='lat' dir='ltr'><strong>infantiliter,</strong></span> <span class='ocrx_word' id='word_1_281' title='bbox 832 3470 1014 3552; x_wconf 88' lang='lat' dir='ltr'><strong>temerarie,</strong></span> <span class='ocrx_word' id='word_1_282' title='bbox 1042 3469 1161 3557; x_wconf 89' lang='lat' dir='ltr'><strong>inepte,</strong></span> <span class='ocrx_word' id='word_1_283' title='bbox 1183 3475 1217 3533; x_wconf 90' lang='lat' dir='ltr'><strong>et</strong></span> <span class='ocrx_word' id='word_1_284' title='bbox 1238 3466 1421 3535; x_wconf 85' lang='lat' dir='ltr'><strong>inaestima·</strong></span> 
     </span>
     <span class='ocr_line' id='line_1_33' title="bbox 134 3571 1421 3662; baseline 0.001 -25"><span class='ocrx_word' id='word_1_285' title='bbox 134 3571 243 3638; x_wconf 92' lang='lat' dir='ltr'><strong>biliter</strong></span> <span class='ocrx_word' id='word_1_286' title='bbox 281 3582 448 3661; x_wconf 84' lang='lat' dir='ltr'><strong>suspectas</strong></span> <span class='ocrx_word' id='word_1_287' title='bbox 483 3573 666 3641; x_wconf 88' lang='lat' dir='ltr'><strong>habueruut</strong></span> <span class='ocrx_word' id='word_1_288' title='bbox 698 3573 891 3660; x_wconf 86' lang='lat' dir='ltr'><strong>Pragenses,</strong></span> <span class='ocrx_word' id='word_1_289' title='bbox 914 3574 1006 3662; x_wconf 88' lang='lat' dir='ltr'><strong>quasi</strong></span> <span class='ocrx_word' id='word_1_290' title='bbox 1031 3571 1101 3656; x_wconf 87' lang='lat' dir='ltr'><strong>jam</strong></span> <span class='ocrx_word' id='word_1_291' title='bbox 1124 3581 1247 3638; x_wconf 89' lang='lat' dir='ltr'><strong>oerlum</strong></span> <span class='ocrx_word' id='word_1_292' title='bbox 1279 3572 1323 3638; x_wconf 88' lang='lat' dir='ltr'><strong>de</strong></span> <span class='ocrx_word' id='word_1_293' title='bbox 1357 3573 1421 3638; x_wconf 87' lang='lat' dir='ltr'><strong>illis</strong></span> 
     </span>
     <span class='ocr_line' id='line_1_34' title="bbox 136 3676 1421 3765; baseline 0.001 -24"><span class='ocrx_word' id='word_1_294' title='bbox 136 3678 266 3757; x_wconf 87' lang='lat' dir='ltr'><strong>seirent,</strong></span> <span class='ocrx_word' id='word_1_295' title='bbox 300 3677 386 3764; x_wconf 92' lang='lat' dir='ltr'><strong>quod</strong></span> <span class='ocrx_word' id='word_1_296' title='bbox 408 3678 488 3746; x_wconf 85' lang='lat' dir='ltr'><strong>illae</strong></span> <span class='ocrx_word' id='word_1_297' title='bbox 518 3679 578 3744; x_wconf 90' lang='lat' dir='ltr'><strong>hos</strong></span> <span class='ocrx_word' id='word_1_298' title='bbox 610 3677 770 3744; x_wconf 86' lang='lat' dir='ltr'><strong>funiculos</strong></span> <span class='ocrx_word' id='word_1_299' title='bbox 800 3700 859 3765; x_wconf 89' lang='lat' dir='ltr'><strong>pro</strong></span> <span class='ocrx_word' id='word_1_300' title='bbox 889 3676 1088 3765; x_wconf 78' lang='lat' dir='ltr'><strong>campanulis</strong></span> <span class='ocrx_word' id='word_1_301' title='bbox 1121 3677 1330 3761; x_wconf 81' lang='lat' dir='ltr'><strong>confecerint,</strong></span> <span class='ocrx_word' id='word_1_302' title='bbox 1364 3677 1421 3742; x_wconf 86' lang='lat' dir='ltr'><strong>has</strong></span> 
     </span>
     <span class='ocr_line' id='line_1_35' title="bbox 134 3780 1421 3870; baseline 0.002 -25"><span class='ocrx_word' id='word_1_303' title='bbox 134 3780 334 3867; x_wconf 89' lang='lat' dir='ltr'><strong>proditiones</strong></span> <span class='ocrx_word' id='word_1_304' title='bbox 368 3781 524 3870; x_wconf 86' lang='lat' dir='ltr'><strong>adjuvare</strong></span> <span class='ocrx_word' id='word_1_305' title='bbox 564 3782 729 3864; x_wconf 87' lang='lat' dir='ltr'><strong>volentes,</strong></span> <span class='ocrx_word' id='word_1_306' title='bbox 764 3791 861 3870; x_wconf 89' lang='lat' dir='ltr'><strong>atque</strong></span> <span class='ocrx_word' id='word_1_307' title='bbox 896 3804 974 3847; x_wconf 87' lang='lat' dir='ltr'><strong>mox</strong></span> <span class='ocrx_word' id='word_1_308' title='bbox 1006 3789 1137 3868; x_wconf 91' lang='lat' dir='ltr'><strong>propter</strong></span> <span class='ocrx_word' id='word_1_309' title='bbox 1157 3781 1256 3850; x_wconf 67' lang='lat' dir='ltr'><strong>lhanc</strong></span> <span class='ocrx_word' id='word_1_310' title='bbox 1293 3804 1421 3847; x_wconf 90' lang='lat' dir='ltr'><strong>oausam</strong></span> 
     </span>
     <span class='ocr_line' id='line_1_36' title="bbox 133 3882 1420 3968; baseline 0.002 -19"><span class='ocrx_word' id='word_1_311' title='bbox 133 3882 369 3951; x_wconf 87' lang='lat' dir='ltr'><strong>mandaverunt</strong></span> <span class='ocrx_word' id='word_1_312' title='bbox 402 3885 600 3952; x_wconf 81' lang='lat' dir='ltr'><strong>Dorotheum</strong></span> <span class='ocrx_word' id='word_1_313' title='bbox 635 3886 855 3952; x_wconf 85' lang='lat' dir='ltr'><strong>Rathauskam</strong></span> <span class='ocrx_word' id='word_1_314' title='bbox 893 3885 1109 3968; x_wconf 79' lang='lat' dir='ltr'><strong>incarcerari3</strong></span> <span class='ocrx_word' id='word_1_315' title='bbox 1158 3883 1309 3951; x_wconf 83' lang='lat' dir='ltr'><strong>Susanna</strong></span> <span class='ocrx_word' id='word_1_316' title='bbox 1344 3907 1420 3951; x_wconf 87' lang='lat' dir='ltr'><strong>vero</strong></span> 
     </span>
     <span class='ocr_line' id='line_1_37' title="bbox 133 3988 1420 4079; baseline 0.002 -27"><span class='ocrx_word' id='word_1_317' title='bbox 133 3988 321 4054; x_wconf 86' lang='lat' dir='ltr'><strong>Frankiana</strong></span> <span class='ocrx_word' id='word_1_318' title='bbox 356 4012 434 4077; x_wconf 86' lang='lat' dir='ltr'><strong>prae</strong></span> <span class='ocrx_word' id='word_1_319' title='bbox 467 3991 569 4057; x_wconf 88' lang='lat' dir='ltr'><strong>altera</strong></span> <span class='ocrx_word' id='word_1_320' title='bbox 603 3992 804 4076; x_wconf 87' lang='lat' dir='ltr'><strong>fortunatior,</strong></span> <span class='ocrx_word' id='word_1_321' title='bbox 840 3992 917 4079; x_wconf 87' lang='lat' dir='ltr'><strong>quia</strong></span> <span class='ocrx_word' id='word_1_322' title='bbox 937 3989 1046 4077; x_wconf 87' lang='lat' dir='ltr'><strong>plures</strong></span> <span class='ocrx_word' id='word_1_323' title='bbox 1070 3990 1204 4065; x_wconf 85' lang='lat' dir='ltr'><strong>&#39;amicos</strong></span> <span class='ocrx_word' id='word_1_324' title='bbox 1227 3998 1259 4054; x_wconf 91' lang='lat' dir='ltr'><strong>et</strong></span> <span class='ocrx_word' id='word_1_325' title='bbox 1280 3989 1420 4056; x_wconf 86' lang='lat' dir='ltr'><strong>fautores</strong></span> 
     </span>
     <span class='ocr_line' id='line_1_38' title="bbox 133 4092 1421 4183; baseline 0.001 -26"><span class='ocrx_word' id='word_1_326' title='bbox 133 4095 169 4158; x_wconf 90' lang='lat' dir='ltr'><strong>in</strong></span> <span class='ocrx_word' id='word_1_327' title='bbox 203 4103 316 4160; x_wconf 88' lang='lat' dir='ltr'><strong>senatu</strong></span> <span class='ocrx_word' id='word_1_328' title='bbox 346 4096 467 4179; x_wconf 90' lang='lat' dir='ltr'><strong>habuit,</strong></span> <span class='ocrx_word' id='word_1_329' title='bbox 502 4119 539 4162; x_wconf 92' lang='grc' dir='ltr'><strong>6ο</strong></span> <span class='ocrx_word' id='word_1_330' title='bbox 574 4121 641 4163; x_wconf 91' lang='lat' dir='ltr'><strong>non</strong></span> <span class='ocrx_word' id='word_1_331' title='bbox 677 4097 825 4180; x_wconf 88' lang='lat' dir='ltr'><strong>devenit,</strong></span> <span class='ocrx_word' id='word_1_332' title='bbox 862 4096 949 4183; x_wconf 89' lang='lat' dir='ltr'><strong>quod</strong></span> <span class='ocrx_word' id='word_1_333' title='bbox 981 4096 1077 4161; x_wconf 85' lang='lat' dir='ltr'><strong>etiam</strong></span> <span class='ocrx_word' id='word_1_334' title='bbox 1110 4094 1355 4160; x_wconf 88' lang='lat' dir='ltr'><strong>concionatores</strong></span> <span class='ocrx_word' id='word_1_335' title='bbox 1388 4092 1421 4158; x_wconf 89' lang='lat' dir='ltr'><strong>in</strong></span> 
     </span>
     <span class='ocr_line' id='line_1_39' title="bbox 132 4197 1420 4287; baseline 0.003 -27"><span class='ocrx_word' id='word_1_336' title='bbox 132 4197 298 4262; x_wconf 81' lang='lat' dir='ltr'><strong>Perochiis</strong></span> <span class='ocrx_word' id='word_1_337' title='bbox 330 4201 625 4287; x_wconf 80' lang='lat' dir='ltr'><strong>promulgaverunt.</strong></span> <span class='ocrx_word' id='word_1_338' title='bbox 677 4201 740 4267; x_wconf 92' lang='lat' dir='ltr'><strong>Die</strong></span> <span class='ocrx_word' id='word_1_339' title='bbox 761 4200 899 4268; x_wconf 89' lang='lat' dir='ltr'><strong>Veneris</strong></span> <span class='ocrx_word' id='word_1_340' title='bbox 931 4203 1029 4286; x_wconf 86' lang='lat' dir='ltr'><strong>igitur</strong></span> <span class='ocrx_word' id='word_1_341' title='bbox 1062 4200 1244 4285; x_wconf 87' lang='lat' dir='ltr'><strong>Pragenses</strong></span> <span class='ocrx_word' id='word_1_342' title='bbox 1277 4197 1420 4286; x_wconf 90' lang='lat' dir='ltr'><strong>torqueri</strong></span> 
     </span>
     <span class='ocr_line' id='line_1_40' title="bbox 128 4302 1419 4393; baseline 0.001 -27"><span class='ocrx_word' id='word_1_343' title='bbox 128 4302 433 4392; x_wconf 72' lang='lat' dir='ltr'><strong>jusseruntSlivka,</strong></span> <span class='ocrx_word' id='word_1_344' title='bbox 456 4309 692 4393; x_wconf 87' lang='lat' dir='ltr'><strong>interrogantes</strong></span> <span class='ocrx_word' id='word_1_345' title='bbox 716 4328 789 4371; x_wconf 89' lang='lat' dir='ltr'><strong>eum</strong></span> <span class='ocrx_word' id='word_1_346' title='bbox 811 4305 853 4371; x_wconf 92' lang='lat' dir='ltr'><strong>de</strong></span> <span class='ocrx_word' id='word_1_347' title='bbox 875 4305 925 4370; x_wconf 86' lang='lat' dir='ltr'><strong>hia</strong></span> <span class='ocrx_word' id='word_1_348' title='bbox 950 4305 1046 4370; x_wconf 90' lang='lat' dir='ltr'><strong>rebus</strong></span> <span class='ocrx_word' id='word_1_349' title='bbox 1068 4303 1208 4369; x_wconf 89' lang='lat' dir='ltr'><strong>anilibus</strong></span> <span class='ocrx_word' id='word_1_350' title='bbox 1231 4312 1264 4367; x_wconf 90' lang='lat' dir='ltr'><strong>et</strong></span> <span class='ocrx_word' id='word_1_351' title='bbox 1288 4325 1419 4391; x_wconf 90' lang='lat' dir='ltr'><strong>suspec-</strong></span> 
     </span>
     <span class='ocr_line' id='line_1_41' title="bbox 134 4404 1421 4496; baseline 0.003 -28"><span class='ocrx_word' id='word_1_352' title='bbox 134 4405 222 4470; x_wconf 90' lang='lat' dir='ltr'><strong>tione</strong></span> <span class='ocrx_word' id='word_1_353' title='bbox 244 4405 343 4489; x_wconf 88' lang='lat' dir='ltr'><strong>inani‚</strong></span> <span class='ocrx_word' id='word_1_354' title='bbox 377 4416 410 4472; x_wconf 89' lang='lat' dir='ltr'><strong>et</strong></span> <span class='ocrx_word' id='word_1_355' title='bbox 432 4408 509 4475; x_wconf 90' lang='lat' dir='ltr'><strong>dum</strong></span> <span class='ocrx_word' id='word_1_356' title='bbox 531 4409 586 4475; x_wconf 91' lang='lat' dir='ltr'><strong>illa</strong></span> <span class='ocrx_word' id='word_1_357' title='bbox 616 4409 669 4475; x_wconf 88' lang='lat' dir='ltr'><strong>die</strong></span> <span class='ocrx_word' id='word_1_358' title='bbox 698 4409 832 4496; x_wconf 90' lang='lat' dir='ltr'><strong>abipso</strong></span> <span class='ocrx_word' id='word_1_359' title='bbox 858 4409 955 4496; x_wconf 89' lang='lat' dir='ltr'><strong>juxta</strong></span> <span class='ocrx_word' id='word_1_360' title='bbox 983 4407 1182 4474; x_wconf 86' lang='lat' dir='ltr'><strong>voluntatem</strong></span> <span class='ocrx_word' id='word_1_361' title='bbox 1201 4427 1309 4470; x_wconf 54' lang='lat' dir='ltr'><strong>&lt;suam</strong></span> <span class='ocrx_word' id='word_1_362' title='bbox 1341 4404 1421 4472; x_wconf 90' lang='lat' dir='ltr'><strong>nihil</strong></span> 
     </span>
     <span class='ocr_line' id='line_1_42' title="bbox 134 4510 1420 4601; baseline 0.003 -28"><span class='ocrx_word' id='word_1_363' title='bbox 134 4510 255 4574; x_wconf 89' lang='lat' dir='ltr'><strong>rescire</strong></span> <span class='ocrx_word' id='word_1_364' title='bbox 285 4520 468 4597; x_wconf 89' lang='lat' dir='ltr'><strong>potuerunt,</strong></span> <span class='ocrx_word' id='word_1_365' title='bbox 501 4524 629 4601; x_wconf 88' lang='lat' dir='ltr'><strong>praeter</strong></span> <span class='ocrx_word' id='word_1_366' title='bbox 661 4515 752 4596; x_wconf 87' lang='lat' dir='ltr'><strong>haec,</strong></span> <span class='ocrx_word' id='word_1_367' title='bbox 791 4534 874 4600; x_wconf 90' lang='lat' dir='ltr'><strong>quae</strong></span> <span class='ocrx_word' id='word_1_368' title='bbox 906 4521 981 4577; x_wconf 89' lang='lat' dir='ltr'><strong>ante</strong></span> <span class='ocrx_word' id='word_1_369' title='bbox 1017 4513 1193 4577; x_wconf 73' lang='lat' dir='ltr'><strong>tortionem</strong></span> <span class='ocrx_word' id='word_1_370' title='bbox 1227 4518 1344 4599; x_wconf 82' lang='lat' dir='ltr'><strong>sponte</strong></span> <span class='ocrx_word' id='word_1_371' title='bbox 1381 4512 1420 4577; x_wconf 91' lang='lat' dir='ltr'><strong>de</strong></span> 
     </span>
     <span class='ocr_line' id='line_1_43' title="bbox 135 4613 1420 4705; baseline 0.004 -28"><span class='ocrx_word' id='word_1_372' title='bbox 135 4614 263 4700; x_wconf 88' lang='lat' dir='ltr'><strong>scriptis</strong></span> <span class='ocrx_word' id='word_1_373' title='bbox 285 4618 572 4704; x_wconf 87' lang='lat' dir='ltr'><strong>supplicationibus</strong></span> <span class='ocrx_word' id='word_1_374' title='bbox 594 4620 700 4686; x_wconf 83' lang='lat' dir='ltr'><strong>fassus</strong></span> <span class='ocrx_word' id='word_1_375' title='bbox 721 4619 790 4696; x_wconf 85' lang='lat' dir='ltr'><strong>fuit,</strong></span> <span class='ocrx_word' id='word_1_376' title='bbox 811 4616 898 4705; x_wconf 87' lang='lat' dir='ltr'><strong>quod</strong></span> <span class='ocrx_word' id='word_1_377' title='bbox 919 4617 992 4683; x_wconf 88' lang='lat' dir='ltr'><strong>illas</strong></span> <span class='ocrx_word' id='word_1_378' title='bbox 1015 4615 1191 4682; x_wconf 78' lang='lat' dir='ltr'><strong>coniecerit</strong></span> <span class='ocrx_word' id='word_1_379' title='bbox 1210 4613 1298 4682; x_wconf 87' lang='lat' dir='ltr'><strong>bona</strong></span> <span class='ocrx_word' id='word_1_380' title='bbox 1319 4617 1420 4682; x_wconf 88' lang='lat' dir='ltr'><strong>inten-</strong></span> 
     </span>
     <span class='ocr_line' id='line_1_44' title="bbox 131 4720 1420 4812; baseline 0.001 -27"><span class='ocrx_word' id='word_1_381' title='bbox 131 4721 220 4787; x_wconf 84' lang='lat' dir='ltr'><strong>tione</strong></span> <span class='ocrx_word' id='word_1_382' title='bbox 237 4743 302 4810; x_wconf 86' lang='lat' dir='ltr'><strong>pro</strong></span> <span class='ocrx_word' id='word_1_383' title='bbox 326 4720 412 4789; x_wconf 92' lang='lat' dir='ltr'><strong>bono</strong></span> <span class='ocrx_word' id='word_1_384' title='bbox 432 4722 580 4812; x_wconf 80' lang='lat' dir='ltr'><strong>publico,</strong></span> <span class='ocrx_word' id='word_1_385' title='bbox 599 4732 635 4790; x_wconf 92' lang='lat' dir='ltr'><strong>ut</strong></span> <span class='ocrx_word' id='word_1_386' title='bbox 654 4747 716 4791; x_wconf 86' lang='lat' dir='ltr'><strong>rex</strong></span> <span class='ocrx_word' id='word_1_387' title='bbox 738 4721 862 4791; x_wconf 87' lang='lat' dir='ltr'><strong>eisdem</strong></span> <span class='ocrx_word' id='word_1_388' title='bbox 885 4723 956 4790; x_wconf 87' lang='lat' dir='ltr'><strong>sinc</strong></span> <span class='ocrx_word' id='word_1_389' title='bbox 978 4720 1132 4788; x_wconf 88' lang='lat' dir='ltr'><strong>dilatione</strong></span> <span class='ocrx_word' id='word_1_390' title='bbox 1154 4728 1305 4787; x_wconf 86' lang='lat' dir='ltr'><strong>senatum</strong></span> <span class='ocrx_word' id='word_1_391' title='bbox 1326 4743 1420 4788; x_wconf 90' lang='lat' dir='ltr'><strong>renc-</strong></span> 
     </span>
    </p>
   </div>
   <div class='ocr_carea' id='block_1_3' title="bbox 0 0 1478 5040">
    <p class='ocr_par' dir='ltr' id='par_1_3' title="bbox 0 0 1478 5040">
     <span class='ocr_line' id='line_1_45' title="bbox 0 0 1478 5040; baseline 0 0"><span class='ocrx_word' id='word_1_392' title='bbox 0 0 1478 5040; x_wconf 95' lang='lat' dir='ltr'><strong> </strong></span> 
     </span>
    </p>
   </div>
  </div>
 </body>
</html>
