2948 5040
139 158 202 228 228

137 313 325 422 regionibus
363 338 437 420 post
475 352 622 398 occasum
656 330 734 399 solis
766 331 850 396 mira
884 330 1109 418 phaenomena
1145 353 1183 398 se
1212 332 1430 420 exhibuerint,

138 447 171 506 et
191 435 323 526 quidem
344 435 432 521 talia,
455 435 543 524 quod
564 435 696 524 quidam
718 435 959 523 conspexerint,
997 438 1090 525 quasi
1112 438 1147 503 in
1178 437 1323 504 nubibus
1346 439 1435 506 iaces

135 545 259 631 ignitae
294 542 586 627 circumvolarent3
609 542 665 608 alii
700 539 854 607 viderunt
884 562 1043 629 personas
1078 544 1114 608 in
1146 542 1251 610 forma
1288 546 1436 613 virorum

136 655 332 713 armatorum
354 644 503 737 potenter
537 647 623 711 inter
655 667 692 711 66
713 646 855 717 invicem
891 655 1061 713 certantes.
1104 646 1173 714 Alii
1194 660 1437 738 conspexerunt

135 749 302 816 columnas
323 744 439 839 igneas
460 749 644 817 anubibus
666 759 785 816 terram
803 772 908 838 usque
929 751 1167 838 pertingentem
1190 753 1264 819 aliis
1292 777 1430 845 appare-

137 854 218 923 bant
240 878 336 922 enses
357 857 452 943 igniti
474 856 509 920 in
532 854 683 938 nubibus,
705 855 763 920 alii
800 856 916 920 iterum
938 855 1003 920 alia
1025 855 1113 922 clare
1133 856 1297 925 viderunt
1351 860 1432 942 Quid

135 960 216 1027 baec
238 983 282 1028 ex
302 961 458 1052 mysterio
480 959 592 1026 divino
629 959 866 1038 denotaverint,
888 958 970 1025 nulli
992 960 1160 1028 hominum
1180 985 1278 1029 nosse
1300 985 1433 1032 conces·

134 1089 206 1141 sum
227 1075 287 1151 est,
310 1067 374 1132 nisi
396 1066 468 1152 quis
490 1063 571 1129 baec
594 1062 723 1129 casibus
747 1072 780 1128 et
801 1064 960 1150 exemplis
996 1065 1177 1133 assimilare
1198 1066 1310 1152 vellet,
1346 1069 1433 1136 urbis

133 1172 316 1241 Jerusalem
338 1179 413 1258 post
444 1168 522 1234 talia
544 1169 639 1254 signa
660 1169 788 1235 secutis.
834 1168 917 1235 Cum
939 1187 1018 1236 vero
1039 1169 1158 1237 librum
1194 1172 1284 1237 bunc
1305 1194 1349 1238 eo
1371 1173 1432 1240 fine

134 1278 284 1359 scribam,
307 1285 344 1341 ut
364 1274 502 1341 dissidia
520 1273 700 1361 Pragensia
722 1295 893 1361 exponam,
914 1274 973 1340 illa
993 1274 1137 1342 breviter
1153 1276 1340 1344 insinuabo.
1362 1279 1432 1345 Rex

132 1367 233 1469 igitur
253 1381 318 1448 illis
342 1382 540 1469 temporibus
562 1379 659 1468 hujus
681 1380 760 1444 anni
780 1380 816 1445 16
838 1401 897 1446 666
919 1402 963 1446 ex
992 1375 1150 1447 Bohemia
1185 1380 1277 1448 abitu
1299 1405 1430 1471 praece·

133 1489 184 1576 pit
204 1485 391 1575 regentibus
414 1507 561 1551 camerae
584 1507 671 1567 suae,
694 1484 854 1571 imprimis
875 1506 954 1551 vero
976 1508 1126 1574 supremo
1148 1487 1243 1573 regni
1259 1489 1429 1575 capitaneo

133 1592 264 1659 domino
286 1590 465 1657 Adalberto
499 1590 540 1655 16
561 1588 746 1673 Perustein,
768 1597 804 1653 ut
825 1588 1008 1676 Pragenses
1029 1612 1104 1656 cum
1127 1590 1277 1657 omnibus
1300 1591 1430 1678 relega-

131 1699 172 1763 tis
195 1696 410 1762 amicabiliter
431 1704 632 1783 compcrtare
655 1695 726 1760 6166
761 1715 852 1761 mora
874 1694 1025 1780 studeat3
1061 1695 1147 1785 quod
1185 1697 1213 1761 si
1234 1719 1316 1762 vero
1349 1697 1429 1763 illud

45 1810 48 1815 '
129 1801 200 1867 fieri
222 1823 287 1867 non
308 1801 458 1889 potuerit,
491 1821 685 1887 quacunque
717 1798 848 1865 demum
869 1808 963 1888 parte
995 1800 1057 1866 hcc
1077 1809 1219 1889 negante
1251 1808 1284 1865 et
1306 1800 1361 1866 his
1382 1823 1429 1868 re-

130 1906 274 1990 sistente,
305 1903 391 1995 quod
429 1927 481 1969 res
504 1905 576 1970 illas
594 1906 685 1992 justo
716 1904 842 1992 judicic
879 1894 1066 1972 discernere
1087 1915 1119 1972 61
1153 1907 1319 1994 corrigere
1341 1910 1427 1976 velit.

131 2010 255 2076 Exules
277 2012 311 2075 in
334 2010 385 2075 his
408 2008 600 2075 obedientes
633 2030 668 2074 se
691 2008 921 2094 exhibuerunt3
948 2010 1132 2096 Pragensea
1154 2033 1233 2078 vero
1267 2023 1422 2098 gravatm

131 2137 166 2182 se
196 2137 278 2199 esse,
316 2114 358 2181 ob
393 2114 520 2180 salvum
554 2113 750 2180 conductum
783 2135 804 2178 a
835 2135 914 2199 rege
950 2114 1016 2180 illis
1039 2137 1238 2201 concessum,
1262 2117 1426 2203 dicebant,

126 2220 203 2288 binc
234 2222 342 2288 varias
380 2221 606 2292 excusationes
641 2241 701 2307 pro
735 2221 841 2287 causis
878 2222 1148 2309 interposuerunt,
1185 2230 1222 2288 ut
1254 2245 1311 2289 res
1347 2224 1427 2291 haec

128 2348 257 2415 semper
282 2326 316 2390 in
338 2324 478 2390 nihilum
507 2332 658 2391 trauseat.
702 2324 776 2391 Rex
798 2325 875 2391 dum
897 2325 979 2392 haec
999 2327 1193 2405 rescivisset,
1217 2328 1354 2415 scripsit
1375 2329 1426 2396 de·

125 2452 189 2497 nuc
213 2428 364 2512 secunda,
395 2429 499 2510 tertia,
538 2437 571 2494 et
592 2429 657 2493 nisi
677 2427 782 2512 fallor,
816 2429 913 2494 etiam
950 2438 1064 2517 quarta
1085 2431 1167 2520 rice,
1198 2431 1354 2500 omnibus
1376 2434 1424 2500 bis

124 2533 323 2623 proceribus,
360 2532 554 2619 praesertim
590 2554 668 2598 vero
690 2532 921 2619 Pragensibus,
959 2535 1018 2599 toti
1048 2555 1159 2601 eorum
1200 2538 1421 2604 communitati

124 2647 158 2706 61
179 2637 431 2705 administratori
454 2659 528 2702 666
552 2637 700 2725 ejusdem
734 2637 830 2720 clero,
854 2637 1033 2703 admonens
1054 2637 1139 2722 illos,
1175 2646 1212 2703 61
1233 2639 1422 2709 obedienter

125 2743 271 2809 adhaec
294 2750 519 2829 compareant3
558 2740 682 2807 domini
714 2764 793 2809 vero
813 2741 872 2827 illi,
896 2765 1015 2830 nempe
1037 2745 1234 2831 capitaneus,
1270 2745 1425 2812 dominus

121 2847 210 2931 Lew,
232 2854 269 2912 ut
290 2846 465 2933 diligentes
489 2847 690 2912 6161161116
712 2848 975 2934 comportatione.
998 2848 1123 2915 Exules
1145 2850 1261 2934 denuo,
1285 2861 1326 2917 61
1335 2855 1427 2941 prius

121 2951 267 3017 adhaec
289 2972 418 3039 semper
438 2954 544 3039 parati
565 2951 705 3034 fuerunt,
729 2974 803 3017 cum
815 2952 934 3039 gaudio
960 2951 1043 3018 illud
1065 2964 1305 3041 exspectantes,
1328 2967 1425 3046 atque

123 3077 198 3123 eum
220 3057 349 3142 magnis
372 3056 499 3121 damnis
532 3062 565 3120 et
594 3056 808 3122 incommodis
830 3057 907 3122 suis.
950 3057 1130 3143 Pragenses
1153 3058 1306 3147 denique,
1339 3063 1423 3128 sicut

122 3162 212 3250 prius
235 3160 355 3226 damna
378 3161 469 3225 varia
491 3172 707 3226 causaverunt
742 3169 774 3226 et
796 3161 1021 3226 excusationes
1043 3177 1279 3250 proposuerunt
1301 3173 1420 3254 varias,

122 3252 236 3332 611166
259 3264 390 3331 166166
413 3262 566 3329 dixerunt
588 3273 621 3329 et
643 3264 924 3349 confirmaverunt,
947 3286 983 3330 se
1004 3287 1071 3331 non
1092 3267 1212 3335 habere
1235 3294 1365 3358 causas,
1387 3277 1420 3340 16

122 3369 239 3459 quibus
262 3392 299 3436 se
332 3376 543 3455 comportent,
578 3379 778 3458 opponentes
800 3369 911 3435 literas
945 3371 1032 3456 regia
1061 3371 1230 3459 Ludovici,
1253 3377 1290 3442 in
1312 3381 1418 3467 primo

120 3475 203 3543 libro
226 3476 333 3563 capite
354 3473 467 3539 ultimo
494 3466 676 3561 inscriptae,
716 3482 796 3562 quas
817 3497 876 3562 pro
898 3475 1022 3561 potenti
1051 3477 1156 3542 edicto
1187 3492 1361 3566 gesserunt
1388 3490 1419 3549 61

121 3581 341 3663 aestimarunt,
379 3579 570 3666 praesertim
599 3578 665 3644 illis
700 3581 921 3646 reversionem
959 3588 992 3645 et
1022 3579 1256 3649 habitationem
1288 3587 1416 3675 Pragae

120 3685 330 3770 denegantes.
375 3682 468 3748 Haec
491 3692 523 3748 et
544 3682 608 3749 alia
629 3685 740 3749 inania
761 3685 796 3748 in
818 3684 975 3749 auxilium
997 3684 1059 3750 sibi
1096 3701 1350 3775 assumpserunt,
1375 3693 1414 3758 de

122 3789 239 3877 quibus
261 3786 364 3853 multa
394 3787 566 3853 scribenda
598 3787 714 3865 forent,
738 3810 821 3873 quae
849 3789 958 3854 omnia
979 3789 1106 3876 omitto,
1132 3813 1209 3856 nam
1230 3794 1413 3881 Pragenses

120 3893 210 3960 nullo
244 3893 339 3959 modo
373 3892 416 3958 ad
450 3893 531 3959 haec
560 3892 689 3980 agenda
720 3893 909 3982 persuadeu‘
941 3902 1124 3981 potnerunt,
1155 3896 1260 3964 donec
1283 3900 1413 3967 tandem

116 3999 207 4067 varie
227 3997 291 4063 illa.
305 3998 346 4064 de
367 3998 466 4063 literis
487 3996 588 4082 regiis
611 4007 723 4064 contra
744 3998 817 4065 illos
840 4021 998 4067 conversa
1019 3999 1157 4067 fuerunt.

203 4103 379 4189 Postquam
400 4104 510 4187 itaque
542 4122 602 4167 rex
620 4103 690 4190 jam
711 4105 879 4170 inimicum
903 4101 1005 4172 'suum
1027 4105 1188 4173 Joannem
1210 4105 1410 4195 Stephanum

116 4206 225 4275 multis
249 4207 396 4274 cladibus
420 4205 462 4272 61
474 4206 556 4271 baec
567 4228 669 4294 usque
683 4216 829 4298 tempora
839 4211 981 4294 vicisset,
997 4233 1147 4279 reversus
1162 4211 1223 4277 fuit
1236 4212 1408 4298 Viennam,

115 4314 331 4402 inHungaria
341 4311 458 4379 661166
470 4311 607 4379 militum
619 4313 727 4402 copias
746 4315 942 4404 relinquens.
965 4317 1043 4382 Post
1053 4315 1176 4405 aliquot
1186 4317 1408 4385 hebdomadas

115 4419 236 4486 abinde
244 4419 383 4504 Pragam
395 4416 514 4484 redivit
528 4418 580 4485 die
589 4419 742 4487 Mercurii
754 4421 878 4511 majori,
892 4422 1004 4510 quinta
1016 4419 1069 4486 die
1079 4431 1154 4508 post
1164 4422 1281 4490 festum
1290 4423 1323 4491 S.
1332 4424 1407 4490 Am·

115 4523 217 4590 brosii
233 4524 278 4613 (8.
291 4521 400 4610 April)
412 4524 489 4588 anni
507 4525 601 4590 1528.
630 4525 692 4592 Illo
704 4550 781 4594 vero
794 4536 948 4612 tempore,
971 4525 1048 4591 dum
1064 4525 1228 4614 Stephano
1241 4551 1307 4595 non
1318 4529 1407 4596 vide·

112 4627 208 4694 batur
218 4627 428 4694 infortunium
442 4625 605 4716 inceptum
618 4632 776 4715 sufficere,
791 4630 934 4721 providit
943 4629 1000 4696 ille
1007 4630 1163 4697 militibus
1179 4656 1288 4701 arcem
1305 4633 1405 4703 'l'ren-

103 4731 168 4815 din,
192 4731 254 4820 qui
272 4752 311 4800 se
330 4729 455 4803 ibidem
479 4730 616 4805 viriliter
637 4734 857 4806 defendebant
879 4745 912 4804 61
920 4734 1021 4823 regiis
1043 4735 1145 4824 copiis
1165 4738 1266 4809 66116
1287 4739 1406 4808 damna
