2948 5040
1253 216 1260 231 „
1295 165 1359 237 210

69 341 140 409 Sed
171 332 332 433 proceres,
362 344 487 432 equites
509 352 542 409 et
556 348 663 409 statas
685 340 790 410 civilis
810 345 905 431 regni
924 342 1101 413 Bohemiae
1113 343 1212 432 juxta
1233 345 1361 412 ooncln·

63 470 150 537 ¹aum
174 436 377 514 comitiorum
412 449 446 511 iri
480 447 534 513 die
555 448 632 514 novi
654 447 731 513 anni
754 446 837 514 teti
871 447 1033 532 Iglaviam·
1051 447 1094 513 ad
1114 447 1361 529 limitesMora-

73 553 150 618 viae
189 551 320 618 obviam
348 552 507 617 miserunt
521 540 559 617 ¹'ei
580 550 736 640 quasdam
757 573 914 642 personas
930 552 987 621 nd
1000 552 1044 618 id
1066 551 1186 641 electas
1223 575 1266 619 ex
1286 575 1359 621 om-

73 654 175 721 nihus
196 655 303 727 tribus
324 656 473 742 statibus,
496 657 737 744 adveniensque
752 659 972 747 juramentum
991 656 1121 744 regium
1140 655 1291 746 deposuit
1305 658 1360 727 die

67 760 233 845 Mercurii,
255 766 392 850 quatuor
414 761 530 829 diebus
553 771 628 828 ante
649 759 768 831 festum
789 762 1039 847 Purificationis,
1070 761 1124 828 die
1144 760 1258 828 Martis
1279 782 1358 831 vero

65 860 150 931 festo
167 865 204 937 S.
214 854 372 954 Agathae,
396 868 509 956 quarta
520 867 573 935 die
584 875 657 957 post
666 856 903 934 Purificationis
921 866 1039 932 festum
1052 865 1087 954 (5
1094 866 1206 955 Febr.)
1218 856 1357 955 Pragam

67 972 203 1039 advenit
224 993 298 1037 oum
329 972 510 1038 conthorali
531 994 591 1039 sua
610 969 740 1061 vesperi
760 979 839 1060 post
856 993 1008 1037 occasum
1030 971 1118 1055 solis,
1140 979 1174 1037 et
1191 972 1227 1036 in
1245 993 1355 1038 arcem

65 1076 278 1164 Progensem⁴
298 1074 453 1143 devectus
490 1077 558 1161 fuit
608 1077 678 1143 Illis
699 1092 777 1142 vero
799 1072 923 1143 diebus¹
936 1085 1011 1142 ante
1033 1076 1275 1142 coronationem
1302 1076 1357 1142 dic
1454 1144 1456 1148 ,

64 1181 203 1247 Verteris
223 1183 259 1246 in
277 1181 363 1246 desto
378 1179 550 1255 cathedrae
572 1180 604 1248 S.
615 1180 703 1246 Petri
726 1179 1005 1268 (22Febr;)·ortae
1023 1179 1154 1245 fuerunt
1173 1178 1356 1245 discordiae

64 1287 152 1371 inter
183 1307 345 1373 proceres,
367 1283 506 1353 barones
540 1295 571 1351 et
592 1287 727 1372 equites,
757 1284 880 1367 similes
913 1284 1086 1372 prioribus.
1102 1276 1355 1373 temporercgis

63 1389 227 1471 Ludovici
248 1388 352 1472 factis,
385 1398 517 1476 propter
538 1390 794 1478 deportationem
816 1391 948 1477 sceptri,
979 1378 1067 1476 pomi
1088 1390 1178 1454 aurei
1201 1397 1233 1454 et
1266 1389 1354 1454 ensis

62 1503 141 1561 ante
153 1495 393 1560 coronationem
404 1494 500 1579 regis.
523 1492 648 1560 Eadem
663 1510 741 1561 voro
756 1493 809 1561 die
825 1494 961 1559 instituit
967 1492 1128 1580 judicium
1148 1515 1207 1580 pro
1219 1503 1355 1582 utraque

65 1607 171 1686 parte,
205 1607 238 1664 ct
259 1619 314 1663 eos
337 1597 513 1683 exaudivit,
543 1598 600 1665 ubi
622 1598 784 1686 quaelibet
805 1620 881 1686 pars
903 1619 1041 1670 causam
1056 1619 1159 1677 suam·
1176 1599 1353 1687 proposuit,
1375 1583 1379 1661 J

60 1724 144 1791 quas
166 1724 228 1768 rex
249 1702 393 1771 audiens,
406 1703 585 1769 decernere
603 1703 727 1769 distulit
747 1705 783 1769 in
804 1703 1011 1769 crastinum.-

82 1798 85 1803 ’
127 1807 219 1891 -Die
241 1807 400 1874 Sabbathi
421 1798 500 1874 vero
520 1826 581 1875 rex
596 1808 719 1878 :nolens
742 1830 811 1873 rem
833 1809 890 1874 diu
911 1794 1115 1895 prolongare,
1138 1804 1356 1895 proremedio'

61 1915 201 1980 interim
223 1914 378 1998 decrevit,
401 1924 438 1981 ut
457 1939 516 2004 pro
538 1916 600 1981 hoc
621 1924 766 2003 tempore
789 1915 823 1980 in
845 1911 1004 2002 portando
1018 1911 1252 2001 enseoffrcium
1261 1933 1353 2000 pera·

17 2093 22 2101 .
63 2029 124 2107 gat
144 2019 181 2085 in
202 2017 264 2085 hac
287 2022 495 2089 coronatione
518 2020 860 2108 statns'equestrisper
873 2039 1056 2113 personam,
1079 2039 1176 2106 quam
1192 2017 1353 2085 demedio
1450 2025 1453 2029 ’

10 2148 16 2157 ·
60 2132 122 2194 suo
145 2122 275 2210 eligent,
306 2145 434 2212 nempe,
466 2133 635 2191 utentem
657 2107 829 2191 antaeum
851 2122 1001 2210 deportet
1031 2130 1065 2189 et
1084 2130 1122 2186 ut
1145 2121 1184 2209 id
1205 2121 1352 2197 fiatsine

63 2227 267 2316 praejtrdicio
290 2229 446 2316 cujusque
467 2229 587 2317 partis3
621 2212 752 2295 tandem
775 2229 809 2292 in
831 2229 968 2297 termino
990 2226 1024 2294 S.
1048 2227 1182 2314 Georgii
1204 2230 1353 2316 proxime

63 2324 204 2416 ventui,
234 2331 327 2419 ¹qnod
349 2332 430 2399 velit
454 2334 545 2421 justo
561 2333 689 2422 judicio
712 2355 843 2399 causam
864 2334 950 2400 inter
971 2332 1046 2398 illos
1059 2332 1254 2407 decernere.
1286 2333 1353 2399 Die

65 2442 146 2521 ergo
163 2428 336 2503 Dominioa
356 2439 391 2502 in
412 2437 495 2503 festo
518 2437 549 2504 S.
563 2437 706 2504 Mathiae
726 2437 862 2525 apostoli
885 2437 951 2526 (24.
974 2436 1084 2525 Febr.)
1098 2447 1269 2509 coronatus
1289 2438 1352 2505 -fuit

62 2560 126 2604 rex
146 2539 184 2605 in·
201 2560 277 2607 aree
299 2541 672 2630 hegensi-vigesimum
693 2544 840 2630 quintum
862 2543 976 2628 aetatis
998 2563 1075 2608 suae
1097 2564 1218 2607 annum
1240 2565 1351 2629 agens.

56 2642 241 2733 Dielunae·
254 2645 395 2731 tandem,
417 2670 534 2736 nempe
553 2649 589 2712 in
610 2646 935 2730 crastino,'ooranata
954 2646 1017 2715 fuit
1038 2651 1135 2714 etiam
1157 2646 1351 2714 conthoralis

58 2750 140 2836 ejus·
154 2750 263 2834 Anna,
284 2759 383 2839 atque
400 2753 497 2840 juxta
520 2753 662 2819 edictum
683 2753 919 2839 regium'ensis
941 2762 1016 2820 ante
1028 2774 1148 2841 regem
1160 2755 1351 2840 etreginam

57 2856 250 2949 deportatus
272 2856 517 2945 fuitaquodam
539 2857 581 2925 de
602 2867 687 2923 statu
710 2857 871 2945 equestri,
885 2866 919 2922 et
939 2857 991 2924 his
1014 2849 1129 2924 diebus
1152 2852 1241 2924 circa
1249 2857 1348 2923 finem

57 2959 347 3027 bacchanaliorum
369 2963 403 3029 in
427 2980 501 3029 arce
522 2962 680 3050 Pragensi
702 2973 735 3028 et
756 2960 892 3033 inferius
913 2962 949 3026 in
970 2961 1040 3027 foro
1055 2961 1152 3027 urbis
1174 2954 1349 3049 Antiquae,

59 3086 102 3131 ac
123 3065 160 3130 in
173 3065 325 3132 Hradtin
341 3150 344 3155 Ι
363 3067 474 3160 habita
494 3068 625 3135 fuerunt
644 3072 822 3159 certamina
835 3100 839 3109 ·
853 3075 908 3133 aut
934 3066 1002 3155 ludi
1026 3075 1203 3156 equestres,
1236 3068 1350 3156 paucis

59 3160 219 3237 Bohemis
239 3172 475 3259 praesentibus.
498 3173 539 3239 In
561 3176 700 3245 comitiis
722 3184 800 3241 vero
820 3175 856 3240 in
878 3195 953 3240 arce
973 3173 1133 3259 Pragensi
1153 3173 1188 3238 in
1209 3171 1347 3239 baccha-

62 3273 170 3340 n'aliis-
185 3277 340 3341 institutis
361 3300 423 3343 rex
443 3280 552 3344 omnia
572 3278 703 3345 foedera
726 3287 758 3345 et
779 3288 963 3346 contractus
984 3279 1128 3367 privatos
1152 3277 1236 3343 inter
1247 3285 1349 3343 status

63 3380 169 3445 factos
182 3382 331 3447 cassavit.
353 3382 589 3466 DieMercurii,¹
602 3407 720 3473 nempe
735 3384 796 3450 suh
809 3384 917 3463 medio
929 3384 1207 3473 quadragesimae,
1230 3391 1347 3477 quarta
1415 3445 1418 3451 .

62 3483 119 3550 die
134 3493 218 3571 post
225 3487 510 3553 annunciationem
522 3487 637 3554 beatae
644 3489 800 3578 Virginis,
822 3512 880 3557 rex
892 3490 998 3577 Praga
1008 3488 1050 3555 ob
1064 3487 1220 3578 quasdam
1237 3498 1355 3553 necea·

61 3592 176 3656 sitates
198 3613 312 3656 versus
335 3592 512 3659 Moraviam
535 3602 568 3667 et
580 3593 730 3678 Silesiam
751 3597 905 3683 perrexit,
927 3604 963 3662 ut
984 3595 1116 3661 easdem
1137 3594 1296 3680 regiones-
1306 3588 1349 3657 ad

59 3715 217 3761 coronam
234 3691 415 3763 'Bohemiae
436 3700 636 3785 pertinentes
659 3702 755 3766 etiam
778 3703 812 3767 in
829 3700 1074 3789 ¹possessionem
1093 3699 1256 3787 suscipiat
1279 3695 1349 3762 Illis

65 3820 145 3865 vero
171 3799 285 3865 diebus
307 3810 382 3866 ante
405 3802 583 3869 discessum
605 3803 646 3870 ad
668 3792 832 3893 sdpplices
853 3827 967 3893 preces
989 3814 1022 3870 et
1042 3801 1347 3892 trequentesadmo·

62 3903 204 3969 nitiones
227 3903 346 3969 civium
368 3905 586 3992 relegatorum
607 3931 667 3973 rex
682 3928 686 3933 ·
701 3907 792 3996 (quia
814 3920 856 3975 etr
888 3910 993 3975 causis
1022 3907 1220 3974 notabilibus
1252 3906 1346 3994 regni

60 4009 261 4095 Hungariae‚
290 4009 331 4075 de
354 4011 471 4097 quibus
495 4012 587 4078 brevi
610 4012 746 4096 dicetur,
780 4015 831 4080 his
854 3999 886 4080 et
907 4014 980 4079 aliis
1003 4013 1180 4095 Bohemiae
1201 4013 1345 4078 necessi-

58 4112 179 4178 tatibus
203 4113 391 4181 satisfacere
413 4138 479 4181 non
508 4120 626 4204 potuit)
650 4121 778 4184 interim
800 4119 866 4184 illis
896 4120 1022 4187 salvum
1044 4118 1238 4185 conductum
1268 4140 1347 4184 con·
1412 4146 1416 4155 ¹

57 4218 168 4301 cessit,
192 4227 304 4284 contra
325 4219 498 4286 violentias
520 4224 556 4287 in
577 4223 726 4289 omnibus
747 4224 936 4312 regionibus
951 4226 1036 4308 suis,
1059 4233 1197 4310 excepta
1216 4223 1371 4288 civitate·

59 4321 229 4408 Pragensi,
259 4346 362 4411 usque
385 4324 427 4389 ad
450 4347 543 4391 suum
564 4326 703 4393 reditum
726 4337 759 4394 et
779 4328 1045 4417 dijudicationem
1066 4327 1120 4394 vel
1142 4325 1346 4393 amicabilem

57 4428 361 4513 comportationem.
383 4427 427 4492 Et
449 4433 597 4517 quamvis
621 4430 806 4519 Pragenses
827 4428 960 4499 foedera
980 4442 1013 4499 et
1033 4441 1218 4499 contractus
1240 4429 1346 4496 inlib·

56 4532 105 4597 ris
129 4533 270 4597 civitatis
289 4533 466 4621 inscriptos
489 4535 670 4601 annihilare
693 4546 726 4602 et
748 4537 914 4604 destruere
936 4528 1117 4620 debuerint,
1146 4535 1345 4622 conscripse·
1406 4558 1409 4563 ’

58 4642 137 4701 runt
158 4645 268 4701 tamen
290 4636 423 4703 foedera
443 4637 508 4704 alia
528 4641 564 4705 in
585 4644 814 4708 communitate
844 4643 898 4708 die
919 4641 1071 4708 Mercurii
1102 4650 1177 4706 ante
1198 4639 1345 4705 Domini·

58 4761 132 4806 cam
153 4739 336 4827 palmarum
358 4744 393 4809 in
416 4744 528 4812 charta
546 4747 612 4814 -sub
636 4770 755 4835 magno
777 4750 886 4839 sigillo
909 4750 1075 4818 seniorum
1095 4744 1360 4825 committatis,
