<?xml version="1.0" encoding="UTF-8"?>
<!DOCTYPE html PUBLIC "-//W3C//DTD XHTML 1.0 Transitional//EN"
    "http://www.w3.org/TR/xhtml1/DTD/xhtml1-transitional.dtd">
<html xmlns="http://www.w3.org/1999/xhtml" xml:lang="en" lang="en">
 <head>
  <title>
</title>
<meta http-equiv="Content-Type" content="text/html;charset=utf-8" />
  <meta name='ocr-system' content='tesseract 3.04.00' />
  <meta name='ocr-capabilities' content='ocr_page ocr_carea ocr_par ocr_line ocrx_word'/>
</head>
<body>
  <div class='ocr_page' id='page_1' title='image "./desbartholomusv00bartgoog_0064.png"; bbox 0 0 2948 5040; ppageno 0'>
   <div class='ocr_carea' id='block_1_1' title="bbox 1315 146 1361 221">
    <p class='ocr_par' dir='ltr' id='par_1_1' title="bbox 1315 146 1361 221">
     <span class='ocr_line' id='line_1_1' title="bbox 1315 146 1361 221; baseline 0 0"><span class='ocrx_word' id='word_1_1' title='bbox 1315 146 1361 221; x_wconf 76' lang='lat' dir='ltr'><strong>tr</strong></span> 
     </span>
    </p>
   </div>
   <div class='ocr_carea' id='block_1_2' title="bbox 48 319 1364 4766">
    <p class='ocr_par' dir='ltr' id='par_1_2' title="bbox 48 319 1364 4766">
     <span class='ocr_line' id='line_1_2' title="bbox 70 319 1364 411; baseline -0.003 -18"><span class='ocrx_word' id='word_1_2' title='bbox 70 347 198 408; x_wconf 85' lang='lat' dir='ltr'><strong>omnes,</strong></span> <span class='ocrx_word' id='word_1_3' title='bbox 233 323 319 411; x_wconf 90' lang='lat' dir='ltr'><strong>quod</strong></span> <span class='ocrx_word' id='word_1_4' title='bbox 340 331 372 388; x_wconf 90' lang='lat' dir='ltr'><strong>te</strong></span> <span class='ocrx_word' id='word_1_5' title='bbox 394 346 456 390; x_wconf 87' lang='lat' dir='ltr'><strong>nec</strong></span> <span class='ocrx_word' id='word_1_6' title='bbox 488 324 586 388; x_wconf 92' lang='lat' dir='ltr'><strong>unico</strong></span> <span class='ocrx_word' id='word_1_7' title='bbox 608 320 709 387; x_wconf 86' lang='lat' dir='ltr'><strong>verbo</strong></span> <span class='ocrx_word' id='word_1_8' title='bbox 732 344 752 386; x_wconf 89' lang='lat' dir='ltr'><strong>a</strong></span> <span class='ocrx_word' id='word_1_9' title='bbox 774 322 847 410; x_wconf 84' lang='lat' dir='ltr'><strong>lege</strong></span> <span class='ocrx_word' id='word_1_10' title='bbox 868 323 932 390; x_wconf 89' lang='lat' dir='ltr'><strong>Dei</strong></span> <span class='ocrx_word' id='word_1_11' title='bbox 955 319 1143 389; x_wconf 77' lang='lat' dir='ltr'><strong>abstrahere</strong></span> <span class='ocrx_word' id='word_1_12' title='bbox 1165 332 1197 388; x_wconf 91' lang='lat' dir='ltr'><strong>et</strong></span> <span class='ocrx_word' id='word_1_13' title='bbox 1218 332 1364 390; x_wconf 80' lang='lat' dir='ltr'><strong>avertere</strong></span> 
     </span>
     <span class='ocr_line' id='line_1_3' title="bbox 66 423 1362 513; baseline -0.001 -19"><span class='ocrx_word' id='word_1_14' title='bbox 66 428 179 511; x_wconf 86' lang='lat' dir='ltr'><strong>velim,</strong></span> <span class='ocrx_word' id='word_1_15' title='bbox 201 427 266 492; x_wconf 92' lang='lat' dir='ltr'><strong>imo</strong></span> <span class='ocrx_word' id='word_1_16' title='bbox 293 426 370 508; x_wconf 88' lang='lat' dir='ltr'><strong>scio,</strong></span> <span class='ocrx_word' id='word_1_17' title='bbox 394 427 420 490; x_wconf 94' lang='lat' dir='ltr'><strong>si</strong></span> <span class='ocrx_word' id='word_1_18' title='bbox 443 428 499 503; x_wconf 89' lang='lat' dir='ltr'><strong>ita,</strong></span> <span class='ocrx_word' id='word_1_19' title='bbox 523 427 609 490; x_wconf 92' lang='lat' dir='ltr'><strong>sicut</strong></span> <span class='ocrx_word' id='word_1_20' title='bbox 629 425 809 512; x_wconf 87' lang='lat' dir='ltr'><strong>profiteris,</strong></span> <span class='ocrx_word' id='word_1_21' title='bbox 845 428 989 509; x_wconf 83' lang='lat' dir='ltr'>vixeris,</span> <span class='ocrx_word' id='word_1_22' title='bbox 1011 448 1078 491; x_wconf 92' lang='lat' dir='ltr'><strong>non</strong></span> <span class='ocrx_word' id='word_1_23' title='bbox 1099 423 1197 513; x_wconf 86' lang='lat' dir='ltr'><strong>longe</strong></span> <span class='ocrx_word' id='word_1_24' title='bbox 1219 424 1320 492; x_wconf 85' lang='lat' dir='ltr'><strong>distes</strong></span> <span class='ocrx_word' id='word_1_25' title='bbox 1342 450 1362 493; x_wconf 90' lang='lat' dir='ltr'><strong>a</strong></span> 
     </span>
     <span class='ocr_line' id='line_1_4' title="bbox 70 527 1360 618; baseline -0.002 -21"><span class='ocrx_word' id='word_1_26' title='bbox 70 553 174 618; x_wconf 85' lang='lat' dir='ltr'><strong>regno</strong></span> <span class='ocrx_word' id='word_1_27' title='bbox 197 530 269 594; x_wconf 89' lang='lat' dir='ltr'><strong>Dei</strong></span> <span class='ocrx_word' id='word_1_28' title='bbox 314 528 496 617; x_wconf 80' lang='lat' dir='ltr'><strong>Respondit</strong></span> <span class='ocrx_word' id='word_1_29' title='bbox 518 527 704 616; x_wconf 85' lang='lat' dir='ltr'><strong>Malinsky:</strong></span> <span class='ocrx_word' id='word_1_30' title='bbox 738 528 869 595; x_wconf 89' lang='lat' dir='ltr'><strong>domine</strong></span> <span class='ocrx_word' id='word_1_31' title='bbox 891 528 1025 613; x_wconf 85' lang='lat' dir='ltr'><strong>decane,</strong></span> <span class='ocrx_word' id='word_1_32' title='bbox 1053 530 1125 616; x_wconf 87' lang='lat' dir='ltr'><strong>jam</strong></span> <span class='ocrx_word' id='word_1_33' title='bbox 1159 529 1237 613; x_wconf 86' lang='lat' dir='ltr'>dixi,</span> <span class='ocrx_word' id='word_1_34' title='bbox 1273 530 1360 617; x_wconf 91' lang='lat' dir='ltr'><strong>quod</strong></span> 
     </span>
     <span class='ocr_line' id='line_1_5' title="bbox 69 630 1357 719; baseline -0.002 -18"><span class='ocrx_word' id='word_1_35' title='bbox 69 636 111 701; x_wconf 92' lang='lat' dir='ltr'><strong>de</strong></span> <span class='ocrx_word' id='word_1_36' title='bbox 135 633 230 699; x_wconf 90' lang='lat' dir='ltr'><strong>vobis</strong></span> <span class='ocrx_word' id='word_1_37' title='bbox 252 655 318 698; x_wconf 91' lang='lat' dir='ltr'><strong>non</strong></span> <span class='ocrx_word' id='word_1_38' title='bbox 341 631 497 715; x_wconf 87' lang='lat' dir='ltr'><strong>dubitem,</strong></span> <span class='ocrx_word' id='word_1_39' title='bbox 521 630 607 719; x_wconf 93' lang='lat' dir='ltr'><strong>quod</strong></span> <span class='ocrx_word' id='word_1_40' title='bbox 629 631 711 696; x_wconf 93' lang='lat' dir='ltr'><strong>mihi</strong></span> <span class='ocrx_word' id='word_1_41' title='bbox 733 631 812 719; x_wconf 92' lang='lat' dir='ltr'><strong>quid</strong></span> <span class='ocrx_word' id='word_1_42' title='bbox 834 632 912 698; x_wconf 91' lang='lat' dir='ltr'><strong>mali</strong></span> <span class='ocrx_word' id='word_1_43' title='bbox 934 655 1000 698; x_wconf 95' lang='lat' dir='ltr'><strong>non</strong></span> <span class='ocrx_word' id='word_1_44' title='bbox 1023 633 1195 716; x_wconf 87' lang='lat' dir='ltr'><strong>inferatur,</strong></span> <span class='ocrx_word' id='word_1_45' title='bbox 1230 642 1263 698; x_wconf 88' lang='lat' dir='ltr'><strong>et</strong></span> <span class='ocrx_word' id='word_1_46' title='bbox 1284 632 1357 698; x_wconf 91' lang='lat' dir='ltr'><strong>ideo</strong></span> 
     </span>
     <span class='ocr_line' id='line_1_6' title="bbox 67 733 1359 818; baseline -0.002 -15"><span class='ocrx_word' id='word_1_47' title='bbox 67 737 240 803; x_wconf 87' lang='lat' dir='ltr'><strong>vobiscum</strong></span> <span class='ocrx_word' id='word_1_48' title='bbox 261 758 328 800; x_wconf 91' lang='lat' dir='ltr'><strong>non</strong></span> <span class='ocrx_word' id='word_1_49' title='bbox 351 733 514 818; x_wconf 92' lang='lat' dir='ltr'><strong>contendi,</strong></span> <span class='ocrx_word' id='word_1_50' title='bbox 546 757 620 800; x_wconf 93' lang='lat' dir='ltr'><strong>cum</strong></span> <span class='ocrx_word' id='word_1_51' title='bbox 642 734 724 799; x_wconf 87' lang='lat' dir='ltr'><strong>hacc</strong></span> <span class='ocrx_word' id='word_1_52' title='bbox 746 733 939 802; x_wconf 84' lang='lat' dir='ltr'><strong>addiderim.</strong></span> <span class='ocrx_word' id='word_1_53' title='bbox 991 735 1076 800; x_wconf 82' lang='lat' dir='ltr'><strong>Tum</strong></span> <span class='ocrx_word' id='word_1_54' title='bbox 1098 734 1146 800; x_wconf 91' lang='lat' dir='ltr'><strong>illi</strong></span> <span class='ocrx_word' id='word_1_55' title='bbox 1168 736 1359 802; x_wconf 89' lang='lat' dir='ltr'><strong>mandatum</strong></span> 
     </span>
     <span class='ocr_line' id='line_1_7' title="bbox 69 838 1357 927; baseline 0 -22"><span class='ocrx_word' id='word_1_56' title='bbox 69 840 142 922; x_wconf 83' lang='lat' dir='ltr'><strong>fuit,</strong></span> <span class='ocrx_word' id='word_1_57' title='bbox 166 850 201 904; x_wconf 91' lang='lat' dir='ltr'><strong>ut</strong></span> <span class='ocrx_word' id='word_1_58' title='bbox 224 852 336 916; x_wconf 86' lang='lat' dir='ltr'><strong>exeat;</strong></span> <span class='ocrx_word' id='word_1_59' title='bbox 371 838 503 903; x_wconf 84' lang='lat' dir='ltr'><strong>tandem</strong></span> <span class='ocrx_word' id='word_1_60' title='bbox 527 838 633 903; x_wconf 89' lang='lat' dir='ltr'><strong>denuo</strong></span> <span class='ocrx_word' id='word_1_61' title='bbox 654 848 806 923; x_wconf 91' lang='lat' dir='ltr'><strong>vocatus,</strong></span> <span class='ocrx_word' id='word_1_62' title='bbox 841 862 915 905; x_wconf 90' lang='lat' dir='ltr'><strong>cum</strong></span> <span class='ocrx_word' id='word_1_63' title='bbox 948 839 1098 921; x_wconf 83' lang='lat' dir='ltr'><strong>omnibus</strong></span> <span class='ocrx_word' id='word_1_64' title='bbox 1130 840 1243 903; x_wconf 91' lang='lat' dir='ltr'><strong>amicis</strong></span> <span class='ocrx_word' id='word_1_65' title='bbox 1276 841 1357 927; x_wconf 89' lang='lat' dir='ltr'><strong>ejus,</strong></span> 
     </span>
     <span class='ocr_line' id='line_1_8' title="bbox 72 941 1356 1032; baseline 0 -24"><span class='ocrx_word' id='word_1_66' title='bbox 72 967 155 1032; x_wconf 89' lang='lat' dir='ltr'><strong>quos</strong></span> <span class='ocrx_word' id='word_1_67' title='bbox 176 952 254 1007; x_wconf 87' lang='lat' dir='ltr'><strong>tunc</strong></span> <span class='ocrx_word' id='word_1_68' title='bbox 277 964 388 1007; x_wconf 90' lang='lat' dir='ltr'><strong>secum</strong></span> <span class='ocrx_word' id='word_1_69' title='bbox 409 942 532 1024; x_wconf 84' lang='lat' dir='ltr'><strong>habuit,</strong></span> <span class='ocrx_word' id='word_1_70' title='bbox 555 942 697 1024; x_wconf 88' lang='lat' dir='ltr'><strong>intravit,</strong></span> <span class='ocrx_word' id='word_1_71' title='bbox 722 942 778 1008; x_wconf 92' lang='lat' dir='ltr'><strong>ubi</strong></span> <span class='ocrx_word' id='word_1_72' title='bbox 801 944 908 1029; x_wconf 93' lang='lat' dir='ltr'><strong>ipsum</strong></span> <span class='ocrx_word' id='word_1_73' title='bbox 930 942 1053 1030; x_wconf 82' lang='lat' dir='ltr'><strong>alloqui</strong></span> <span class='ocrx_word' id='word_1_74' title='bbox 1085 941 1274 1007; x_wconf 89' lang='lat' dir='ltr'><strong>mandatum</strong></span> <span class='ocrx_word' id='word_1_75' title='bbox 1295 942 1356 1008; x_wconf 86' lang='lat' dir='ltr'><strong>fnit</strong></span> 
     </span>
     <span class='ocr_line' id='line_1_9' title="bbox 71 1044 1357 1134; baseline -0.001 -23"><span class='ocrx_word' id='word_1_76' title='bbox 71 1048 191 1111; x_wconf 79' lang='lat' dir='ltr'><strong>rectori</strong></span> <span class='ocrx_word' id='word_1_77' title='bbox 212 1045 450 1128; x_wconf 86' lang='lat' dir='ltr'><strong>universitatis,</strong></span> <span class='ocrx_word' id='word_1_78' title='bbox 488 1047 544 1133; x_wconf 94' lang='lat' dir='ltr'><strong>qui</strong></span> <span class='ocrx_word' id='word_1_79' title='bbox 565 1044 675 1110; x_wconf 89' lang='lat' dir='ltr'><strong>verbis</strong></span> <span class='ocrx_word' id='word_1_80' title='bbox 697 1045 917 1134; x_wconf 87' lang='lat' dir='ltr'><strong>amplissimis,</strong></span> <span class='ocrx_word' id='word_1_81' title='bbox 941 1046 1000 1111; x_wconf 92' lang='lat' dir='ltr'><strong>sed</strong></span> <span class='ocrx_word' id='word_1_82' title='bbox 1021 1048 1055 1111; x_wconf 94' lang='lat' dir='ltr'><strong>in</strong></span> <span class='ocrx_word' id='word_1_83' title='bbox 1078 1046 1140 1111; x_wconf 93' lang='lat' dir='ltr'><strong>hoc</strong></span> <span class='ocrx_word' id='word_1_84' title='bbox 1162 1068 1261 1111; x_wconf 90' lang='lat' dir='ltr'><strong>sensu</strong></span> <span class='ocrx_word' id='word_1_85' title='bbox 1284 1068 1357 1111; x_wconf 92' lang='lat' dir='ltr'><strong>eum</strong></span> 
     </span>
     <span class='ocr_line' id='line_1_10' title="bbox 75 1148 1361 1237; baseline -0.001 -23"><span class='ocrx_word' id='word_1_86' title='bbox 75 1150 193 1214; x_wconf 88' lang='lat' dir='ltr'><strong>affatus</strong></span> <span class='ocrx_word' id='word_1_87' title='bbox 216 1157 281 1213; x_wconf 87' lang='lat' dir='ltr'><strong>est:</strong></span> <span class='ocrx_word' id='word_1_88' title='bbox 336 1149 520 1237; x_wconf 84' lang='lat' dir='ltr'><strong>Malinshy,</strong></span> <span class='ocrx_word' id='word_1_89' title='bbox 555 1150 610 1236; x_wconf 92' lang='lat' dir='ltr'><strong>qui</strong></span> <span class='ocrx_word' id='word_1_90' title='bbox 632 1152 773 1215; x_wconf 87' lang='lat' dir='ltr'><strong>rationes</strong></span> <span class='ocrx_word' id='word_1_91' title='bbox 806 1148 977 1216; x_wconf 81' lang='lat' dir='ltr'><strong>reddidisti</strong></span> <span class='ocrx_word' id='word_1_92' title='bbox 1004 1151 1038 1214; x_wconf 95' lang='lat' dir='ltr'><strong>in</strong></span> <span class='ocrx_word' id='word_1_93' title='bbox 1062 1148 1264 1214; x_wconf 85' lang='lat' dir='ltr'><strong>confessione</strong></span> <span class='ocrx_word' id='word_1_94' title='bbox 1286 1158 1361 1213; x_wconf 87' lang='lat' dir='ltr'><strong>tuae</strong></span> 
     </span>
     <span class='ocr_line' id='line_1_11' title="bbox 73 1250 1355 1341; baseline -0.001 -23"><span class='ocrx_word' id='word_1_95' title='bbox 73 1253 151 1318; x_wconf 88' lang='lat' dir='ltr'><strong>fidei</strong></span> <span class='ocrx_word' id='word_1_96' title='bbox 174 1252 216 1318; x_wconf 89' lang='lat' dir='ltr'><strong>de</strong></span> <span class='ocrx_word' id='word_1_97' title='bbox 238 1253 312 1339; x_wconf 88' lang='lat' dir='ltr'><strong>lege</strong></span> <span class='ocrx_word' id='word_1_98' title='bbox 333 1254 408 1336; x_wconf 90' lang='lat' dir='ltr'><strong>Dei,</strong></span> <span class='ocrx_word' id='word_1_99' title='bbox 433 1254 516 1319; x_wconf 90' lang='lat' dir='ltr'><strong>sicut</strong></span> <span class='ocrx_word' id='word_1_100' title='bbox 531 1253 662 1339; x_wconf 89' lang='lat' dir='ltr'><strong>judicas</strong></span> <span class='ocrx_word' id='word_1_101' title='bbox 669 1304 678 1337; x_wconf 92' lang='lat'><strong>,</strong></span> <span class='ocrx_word' id='word_1_102' title='bbox 711 1264 744 1319; x_wconf 90' lang='lat' dir='ltr'><strong>ct</strong></span> <span class='ocrx_word' id='word_1_103' title='bbox 765 1254 883 1338; x_wconf 92' lang='lat' dir='ltr'><strong>credis,</strong></span> <span class='ocrx_word' id='word_1_104' title='bbox 906 1254 1098 1341; x_wconf 88' lang='lat' dir='ltr'><strong>praesertim</strong></span> <span class='ocrx_word' id='word_1_105' title='bbox 1120 1263 1245 1330; x_wconf 86' lang='lat' dir='ltr'><strong>autem,</strong></span> <span class='ocrx_word' id='word_1_106' title='bbox 1268 1250 1355 1340; x_wconf 90' lang='lat' dir='ltr'><strong>quod</strong></span> 
     </span>
     <span class='ocr_line' id='line_1_12' title="bbox 72 1355 1351 1445; baseline -0.001 -24"><span class='ocrx_word' id='word_1_107' title='bbox 72 1358 191 1421; x_wconf 85' lang='lat' dir='ltr'><strong>attinet</strong></span> <span class='ocrx_word' id='word_1_108' title='bbox 211 1365 448 1422; x_wconf 90' lang='lat' dir='ltr'><strong>sacramentum</strong></span> <span class='ocrx_word' id='word_1_109' title='bbox 471 1359 615 1445; x_wconf 86' lang='lat' dir='ltr'><strong>corporis</strong></span> <span class='ocrx_word' id='word_1_110' title='bbox 639 1365 672 1422; x_wconf 89' lang='lat' dir='ltr'><strong>et</strong></span> <span class='ocrx_word' id='word_1_111' title='bbox 694 1360 861 1444; x_wconf 87' lang='lat' dir='ltr'><strong>sanguinis</strong></span> <span class='ocrx_word' id='word_1_112' title='bbox 884 1357 1023 1435; x_wconf 82' lang='lat' dir='ltr'><strong>Christi,</strong></span> <span class='ocrx_word' id='word_1_113' title='bbox 1059 1359 1168 1422; x_wconf 92' lang='lat' dir='ltr'><strong>omnia</strong></span> <span class='ocrx_word' id='word_1_114' title='bbox 1190 1355 1351 1422; x_wconf 89' lang='lat' dir='ltr'><strong>sufficien-</strong></span> 
     </span>
     <span class='ocr_line' id='line_1_13' title="bbox 70 1459 1352 1549; baseline -0.002 -24"><span class='ocrx_word' id='word_1_115' title='bbox 70 1460 159 1526; x_wconf 88' lang='lat' dir='ltr'><strong>tibus</strong></span> <span class='ocrx_word' id='word_1_116' title='bbox 183 1470 215 1524; x_wconf 91' lang='lat' dir='ltr'><strong>et</strong></span> <span class='ocrx_word' id='word_1_117' title='bbox 236 1460 310 1526; x_wconf 87' lang='lat' dir='ltr'><strong>latis</strong></span> <span class='ocrx_word' id='word_1_118' title='bbox 332 1461 442 1527; x_wconf 85' lang='lat' dir='ltr'><strong>verbis</strong></span> <span class='ocrx_word' id='word_1_119' title='bbox 474 1463 681 1549; x_wconf 87' lang='lat' dir='ltr'><strong>proposuisti,</strong></span> <span class='ocrx_word' id='word_1_120' title='bbox 715 1461 810 1526; x_wconf 88' lang='lat' dir='ltr'><strong>simul</strong></span> <span class='ocrx_word' id='word_1_121' title='bbox 832 1461 976 1546; x_wconf 89' lang='lat' dir='ltr'><strong>addens,</strong></span> <span class='ocrx_word' id='word_1_122' title='bbox 1011 1460 1098 1548; x_wconf 93' lang='lat' dir='ltr'><strong>quod</strong></span> <span class='ocrx_word' id='word_1_123' title='bbox 1129 1482 1150 1524; x_wconf 88' lang='lat' dir='ltr'><strong>a</strong></span> <span class='ocrx_word' id='word_1_124' title='bbox 1182 1460 1247 1524; x_wconf 91' lang='lat' dir='ltr'><strong>fide</strong></span> <span class='ocrx_word' id='word_1_125' title='bbox 1269 1459 1352 1545; x_wconf 85' lang='lat' dir='ltr'><strong>legis</strong></span> 
     </span>
     <span class='ocr_line' id='line_1_14' title="bbox 72 1564 1352 1653; baseline -0.002 -24"><span class='ocrx_word' id='word_1_126' title='bbox 72 1564 163 1629; x_wconf 92' lang='lat' dir='ltr'><strong>nullo</strong></span> <span class='ocrx_word' id='word_1_127' title='bbox 186 1565 250 1629; x_wconf 90' lang='lat' dir='ltr'><strong>alio</strong></span> <span class='ocrx_word' id='word_1_128' title='bbox 272 1566 435 1652; x_wconf 89' lang='lat' dir='ltr'><strong>pertineas</strong></span> <span class='ocrx_word' id='word_1_129' title='bbox 477 1575 509 1631; x_wconf 91' lang='lat' dir='ltr'><strong>et</strong></span> <span class='ocrx_word' id='word_1_130' title='bbox 531 1565 689 1648; x_wconf 83' lang='lat' dir='ltr'><strong>recedas,</strong></span> <span class='ocrx_word' id='word_1_131' title='bbox 725 1566 768 1632; x_wconf 92' lang='lat' dir='ltr'><strong>ob</strong></span> <span class='ocrx_word' id='word_1_132' title='bbox 791 1569 956 1653; x_wconf 87' lang='lat' dir='ltr'><strong>propriam</strong></span> <span class='ocrx_word' id='word_1_133' title='bbox 990 1566 1221 1631; x_wconf 86' lang='lat' dir='ltr'><strong>conscientiam</strong></span> <span class='ocrx_word' id='word_1_134' title='bbox 1254 1573 1352 1646; x_wconf 90' lang='lat' dir='ltr'><strong>tuam,</strong></span> 
     </span>
     <span class='ocr_line' id='line_1_15' title="bbox 70 1666 1353 1755; baseline -0.002 -23"><span class='ocrx_word' id='word_1_135' title='bbox 70 1689 168 1755; x_wconf 92' lang='lat' dir='ltr'><strong>quam</strong></span> <span class='ocrx_word' id='word_1_136' title='bbox 191 1667 291 1733; x_wconf 87' lang='lat' dir='ltr'><strong>babes</strong></span> <span class='ocrx_word' id='word_1_137' title='bbox 313 1690 414 1755; x_wconf 88' lang='lat' dir='ltr'><strong>penes</strong></span> <span class='ocrx_word' id='word_1_138' title='bbox 438 1668 544 1754; x_wconf 84' lang='lat' dir='ltr'><strong>legem</strong></span> <span class='ocrx_word' id='word_1_139' title='bbox 565 1669 640 1752; x_wconf 91' lang='lat' dir='ltr'><strong>Dei,</strong></span> <span class='ocrx_word' id='word_1_140' title='bbox 663 1670 779 1733; x_wconf 89' lang='lat' dir='ltr'><strong>timens</strong></span> <span class='ocrx_word' id='word_1_141' title='bbox 801 1692 843 1734; x_wconf 91' lang='lat' dir='ltr'><strong>ne</strong></span> <span class='ocrx_word' id='word_1_142' title='bbox 866 1691 939 1734; x_wconf 88' lang='lat' dir='ltr'><strong>eam</strong></span> <span class='ocrx_word' id='word_1_143' title='bbox 961 1668 1124 1752; x_wconf 87' lang='lat' dir='ltr'><strong>offendas;</strong></span> <span class='ocrx_word' id='word_1_144' title='bbox 1158 1667 1253 1732; x_wconf 91' lang='lat' dir='ltr'><strong>simul</strong></span> <span class='ocrx_word' id='word_1_145' title='bbox 1275 1666 1353 1731; x_wconf 90' lang='lat' dir='ltr'><strong>alle·</strong></span> 
     </span>
     <span class='ocr_line' id='line_1_16' title="bbox 68 1769 1355 1859; baseline -0.002 -24"><span class='ocrx_word' id='word_1_146' title='bbox 68 1774 155 1858; x_wconf 86' lang='lat' dir='ltr'><strong>gasti</strong></span> <span class='ocrx_word' id='word_1_147' title='bbox 177 1770 347 1836; x_wconf 87' lang='lat' dir='ltr'><strong>articulum</strong></span> <span class='ocrx_word' id='word_1_148' title='bbox 370 1794 413 1835; x_wconf 87' lang='lat' dir='ltr'><strong>ex</strong></span> <span class='ocrx_word' id='word_1_149' title='bbox 435 1772 584 1855; x_wconf 90' lang='lat' dir='ltr'><strong>comitiis,</strong></span> <span class='ocrx_word' id='word_1_150' title='bbox 607 1773 662 1859; x_wconf 95' lang='lat' dir='ltr'><strong>qui</strong></span> <span class='ocrx_word' id='word_1_151' title='bbox 685 1795 814 1837; x_wconf 90' lang='lat' dir='ltr'><strong>sensum</strong></span> <span class='ocrx_word' id='word_1_152' title='bbox 842 1773 929 1838; x_wconf 89' lang='lat' dir='ltr'><strong>hunc</strong></span> <span class='ocrx_word' id='word_1_153' title='bbox 952 1772 1070 1837; x_wconf 90' lang='lat' dir='ltr'><strong>habet:</strong></span> <span class='ocrx_word' id='word_1_154' title='bbox 1114 1771 1170 1836; x_wconf 93' lang='lat' dir='ltr'><strong>ubi</strong></span> <span class='ocrx_word' id='word_1_155' title='bbox 1203 1769 1355 1836; x_wconf 87' lang='lat' dir='ltr'><strong>sacerdos</strong></span> 
     </span>
     <span class='ocr_line' id='line_1_17' title="bbox 67 1872 1358 1964; baseline -0.002 -24"><span class='ocrx_word' id='word_1_156' title='bbox 67 1886 122 1940; x_wconf 89' lang='lat' dir='ltr'><strong>aut</strong></span> <span class='ocrx_word' id='word_1_157' title='bbox 147 1875 283 1963; x_wconf 92' lang='lat' dir='ltr'><strong>populus</strong></span> <span class='ocrx_word' id='word_1_158' title='bbox 306 1885 535 1940; x_wconf 88' lang='lat' dir='ltr'><strong>assuescerent</strong></span> <span class='ocrx_word' id='word_1_159' title='bbox 564 1876 618 1940; x_wconf 91' lang='lat' dir='ltr'><strong>vel</strong></span> <span class='ocrx_word' id='word_1_160' title='bbox 650 1898 840 1941; x_wconf 88' lang='lat' dir='ltr'><strong>assuescere</strong></span> <span class='ocrx_word' id='word_1_161' title='bbox 861 1885 1010 1964; x_wconf 88' lang='lat' dir='ltr'><strong>possent,</strong></span> <span class='ocrx_word' id='word_1_162' title='bbox 1048 1885 1104 1940; x_wconf 92' lang='lat' dir='ltr'><strong>aut</strong></span> <span class='ocrx_word' id='word_1_163' title='bbox 1137 1872 1260 1940; x_wconf 89' lang='lat' dir='ltr'><strong>vellent</strong></span> <span class='ocrx_word' id='word_1_164' title='bbox 1291 1873 1358 1958; x_wconf 86' lang='lat' dir='ltr'><strong>legi</strong></span> 
     </span>
     <span class='ocr_line' id='line_1_18' title="bbox 68 1976 1355 2066; baseline -0.001 -24"><span class='ocrx_word' id='word_1_165' title='bbox 68 1977 219 2059; x_wconf 84' lang='lat' dir='ltr'><strong>divinae,</strong></span> <span class='ocrx_word' id='word_1_166' title='bbox 253 1977 287 2041; x_wconf 93' lang='lat' dir='ltr'><strong>hi</strong></span> <span class='ocrx_word' id='word_1_167' title='bbox 320 2000 362 2041; x_wconf 91' lang='lat' dir='ltr'><strong>ne</strong></span> <span class='ocrx_word' id='word_1_168' title='bbox 385 1976 624 2043; x_wconf 81' lang='lat' dir='ltr'><strong>confundantur</strong></span> <span class='ocrx_word' id='word_1_169' title='bbox 657 1987 689 2042; x_wconf 91' lang='lat' dir='ltr'><strong>et</strong></span> <span class='ocrx_word' id='word_1_170' title='bbox 711 1980 954 2066; x_wconf 75' lang='lat' dir='ltr'><strong>vituperentur,</strong></span> <span class='ocrx_word' id='word_1_171' title='bbox 992 1978 1131 2066; x_wconf 91' lang='lat' dir='ltr'><strong>ideoque</strong></span> <span class='ocrx_word' id='word_1_172' title='bbox 1155 1976 1241 2066; x_wconf 92' lang='lat' dir='ltr'><strong>quod</strong></span> <span class='ocrx_word' id='word_1_173' title='bbox 1262 1986 1355 2065; x_wconf 88' lang='lat' dir='ltr'><strong>petas</strong></span> 
     </span>
     <span class='ocr_line' id='line_1_19' title="bbox 69 2080 1357 2168; baseline -0.001 -21"><span class='ocrx_word' id='word_1_174' title='bbox 69 2082 132 2147; x_wconf 89' lang='lat' dir='ltr'><strong>hac</strong></span> <span class='ocrx_word' id='word_1_175' title='bbox 165 2084 199 2145; x_wconf 93' lang='lat' dir='ltr'><strong>in</strong></span> <span class='ocrx_word' id='word_1_176' title='bbox 232 2089 323 2168; x_wconf 92' lang='lat' dir='ltr'><strong>parte</strong></span> <span class='ocrx_word' id='word_1_177' title='bbox 346 2083 542 2146; x_wconf 86' lang='lat' dir='ltr'><strong>conservari.</strong></span> <span class='ocrx_word' id='word_1_178' title='bbox 598 2080 701 2145; x_wconf 87' lang='lat' dir='ltr'><strong>Tuam</strong></span> <span class='ocrx_word' id='word_1_179' title='bbox 736 2083 833 2147; x_wconf 93' lang='lat' dir='ltr'><strong>etiam</strong></span> <span class='ocrx_word' id='word_1_180' title='bbox 868 2082 945 2146; x_wconf 87' lang='lat' dir='ltr'><strong>fidei</strong></span> <span class='ocrx_word' id='word_1_181' title='bbox 978 2082 1214 2147; x_wconf 85' lang='lat' dir='ltr'><strong>confessionem</strong></span> <span class='ocrx_word' id='word_1_182' title='bbox 1248 2084 1357 2146; x_wconf 93' lang='lat' dir='ltr'><strong>animo</strong></span> 
     </span>
     <span class='ocr_line' id='line_1_20' title="bbox 67 2183 1351 2270; baseline -0.001 -21"><span class='ocrx_word' id='word_1_183' title='bbox 67 2184 192 2249; x_wconf 92' lang='lat' dir='ltr'><strong>lubenti</strong></span> <span class='ocrx_word' id='word_1_184' title='bbox 215 2184 364 2249; x_wconf 87' lang='lat' dir='ltr'><strong>audimus</strong></span> <span class='ocrx_word' id='word_1_185' title='bbox 398 2194 429 2248; x_wconf 88' lang='lat' dir='ltr'><strong>et</strong></span> <span class='ocrx_word' id='word_1_186' title='bbox 446 2184 594 2270; x_wconf 86' lang='lat' dir='ltr'><strong>jucunda</strong></span> <span class='ocrx_word' id='word_1_187' title='bbox 615 2184 709 2250; x_wconf 93' lang='lat' dir='ltr'><strong>nobis</strong></span> <span class='ocrx_word' id='word_1_188' title='bbox 734 2194 791 2268; x_wconf 86' lang='lat' dir='ltr'><strong>est,</strong></span> <span class='ocrx_word' id='word_1_189' title='bbox 815 2185 989 2250; x_wconf 89' lang='lat' dir='ltr'><strong>dummodo</strong></span> <span class='ocrx_word' id='word_1_190' title='bbox 1011 2187 1057 2250; x_wconf 87' lang='lat' dir='ltr'><strong>ita</strong></span> <span class='ocrx_word' id='word_1_191' title='bbox 1078 2185 1120 2250; x_wconf 91' lang='lat' dir='ltr'><strong>de</strong></span> <span class='ocrx_word' id='word_1_192' title='bbox 1142 2183 1240 2250; x_wconf 89' lang='lat' dir='ltr'><strong>corde</strong></span> <span class='ocrx_word' id='word_1_193' title='bbox 1279 2205 1351 2270; x_wconf 92' lang='lat' dir='ltr'><strong>pro·</strong></span> 
     </span>
     <span class='ocr_line' id='line_1_21' title="bbox 70 2285 1354 2375; baseline -0.002 -22"><span class='ocrx_word' id='word_1_194' title='bbox 70 2289 182 2372; x_wconf 89' lang='lat' dir='ltr'><strong>cedat,</strong></span> <span class='ocrx_word' id='word_1_195' title='bbox 217 2291 301 2353; x_wconf 85' lang='lat' dir='ltr'><strong>sicut</strong></span> <span class='ocrx_word' id='word_1_196' title='bbox 321 2288 492 2375; x_wconf 87' lang='lat' dir='ltr'><strong>profiteris.</strong></span> <span class='ocrx_word' id='word_1_197' title='bbox 536 2288 604 2353; x_wconf 90' lang='lat' dir='ltr'><strong>Nos</strong></span> <span class='ocrx_word' id='word_1_198' title='bbox 627 2288 777 2353; x_wconf 90' lang='lat' dir='ltr'><strong>homines</strong></span> <span class='ocrx_word' id='word_1_199' title='bbox 801 2311 929 2371; x_wconf 87' lang='lat' dir='ltr'><strong>sumus,</strong></span> <span class='ocrx_word' id='word_1_200' title='bbox 965 2288 1039 2354; x_wconf 89' lang='lat' dir='ltr'><strong>ideo</strong></span> <span class='ocrx_word' id='word_1_201' title='bbox 1062 2288 1159 2354; x_wconf 84' lang='lat' dir='ltr'><strong>facile</strong></span> <span class='ocrx_word' id='word_1_202' title='bbox 1181 2309 1241 2352; x_wconf 85' lang='lat' dir='ltr'><strong>nos</strong></span> <span class='ocrx_word' id='word_1_203' title='bbox 1263 2285 1354 2351; x_wconf 87' lang='lat' dir='ltr'><strong>deci-</strong></span> 
     </span>
     <span class='ocr_line' id='line_1_22' title="bbox 65 2391 1354 2481; baseline -0.004 -21"><span class='ocrx_word' id='word_1_204' title='bbox 65 2400 270 2480; x_wconf 67' lang='lat' dir='ltr'><strong>praepetes,</strong></span> <span class='ocrx_word' id='word_1_205' title='bbox 304 2414 379 2456; x_wconf 89' lang='lat' dir='ltr'><strong>nam</strong></span> <span class='ocrx_word' id='word_1_206' title='bbox 403 2413 486 2479; x_wconf 88' lang='lat' dir='ltr'><strong>quae</strong></span> <span class='ocrx_word' id='word_1_207' title='bbox 508 2391 605 2457; x_wconf 90' lang='lat' dir='ltr'><strong>corde</strong></span> <span class='ocrx_word' id='word_1_208' title='bbox 628 2414 741 2478; x_wconf 88' lang='lat' dir='ltr'><strong>geras,</strong></span> <span class='ocrx_word' id='word_1_209' title='bbox 776 2395 859 2459; x_wconf 88' lang='lat' dir='ltr'><strong>scire</strong></span> <span class='ocrx_word' id='word_1_210' title='bbox 894 2394 1083 2481; x_wconf 79' lang='lat' dir='ltr'><strong>nequimus3</strong></span> <span class='ocrx_word' id='word_1_211' title='bbox 1113 2393 1224 2458; x_wconf 90' lang='lat' dir='ltr'><strong>Deum</strong></span> <span class='ocrx_word' id='word_1_212' title='bbox 1245 2400 1354 2457; x_wconf 82' lang='lat' dir='ltr'><strong>autem</strong></span> 
     </span>
     <span class='ocr_line' id='line_1_23' title="bbox 61 2495 1353 2583; baseline -0.002 -22"><span class='ocrx_word' id='word_1_213' title='bbox 61 2496 178 2561; x_wconf 84' lang='lat' dir='ltr'><strong>fallere</strong></span> <span class='ocrx_word' id='word_1_214' title='bbox 200 2516 266 2559; x_wconf 93' lang='lat' dir='ltr'><strong>non</strong></span> <span class='ocrx_word' id='word_1_215' title='bbox 287 2504 390 2582; x_wconf 90' lang='lat' dir='ltr'><strong>potes,</strong></span> <span class='ocrx_word' id='word_1_216' title='bbox 414 2497 471 2582; x_wconf 93' lang='lat' dir='ltr'><strong>qui</strong></span> <span class='ocrx_word' id='word_1_217' title='bbox 492 2495 591 2560; x_wconf 89' lang='lat' dir='ltr'><strong>corda</strong></span> <span class='ocrx_word' id='word_1_218' title='bbox 613 2496 778 2561; x_wconf 93' lang='lat' dir='ltr'><strong>hominum</strong></span> <span class='ocrx_word' id='word_1_219' title='bbox 800 2499 916 2580; x_wconf 92' lang='lat' dir='ltr'><strong>noscit,</strong></span> <span class='ocrx_word' id='word_1_220' title='bbox 940 2507 973 2563; x_wconf 92' lang='lat' dir='ltr'><strong>et</strong></span> <span class='ocrx_word' id='word_1_221' title='bbox 996 2519 1108 2565; x_wconf 90' lang='lat' dir='ltr'><strong>omnes</strong></span> <span class='ocrx_word' id='word_1_222' title='bbox 1136 2496 1353 2583; x_wconf 88' lang='lat' dir='ltr'><strong>cogitationes</strong></span> 
     </span>
     <span class='ocr_line' id='line_1_24' title="bbox 63 2598 1355 2689; baseline -0.001 -26"><span class='ocrx_word' id='word_1_223' title='bbox 63 2600 193 2664; x_wconf 81' lang='lat' dir='ltr'><strong>nostras</strong></span> <span class='ocrx_word' id='word_1_224' title='bbox 213 2600 366 2663; x_wconf 89' lang='lat' dir='ltr'><strong>intuetur.</strong></span> <span class='ocrx_word' id='word_1_225' title='bbox 411 2598 515 2664; x_wconf 79' lang='lat' dir='ltr'><strong>Simul</strong></span> <span class='ocrx_word' id='word_1_226' title='bbox 547 2601 643 2663; x_wconf 88' lang='lat' dir='ltr'><strong>etiam</strong></span> <span class='ocrx_word' id='word_1_227' title='bbox 665 2599 821 2683; x_wconf 90' lang='lat' dir='ltr'><strong>dicimus,</strong></span> <span class='ocrx_word' id='word_1_228' title='bbox 857 2600 943 2689; x_wconf 91' lang='lat' dir='ltr'><strong>quod</strong></span> <span class='ocrx_word' id='word_1_229' title='bbox 971 2603 1005 2665; x_wconf 95' lang='lat' dir='ltr'><strong>in</strong></span> <span class='ocrx_word' id='word_1_230' title='bbox 1039 2601 1100 2667; x_wconf 92' lang='lat' dir='ltr'><strong>hac</strong></span> <span class='ocrx_word' id='word_1_231' title='bbox 1129 2600 1195 2667; x_wconf 91' lang='lat' dir='ltr'><strong>fide</strong></span> <span class='ocrx_word' id='word_1_232' title='bbox 1217 2608 1249 2665; x_wconf 89' lang='lat' dir='ltr'><strong>te</strong></span> <span class='ocrx_word' id='word_1_233' title='bbox 1280 2620 1355 2663; x_wconf 92' lang='lat' dir='ltr'><strong>con·</strong></span> 
     </span>
     <span class='ocr_line' id='line_1_25' title="bbox 60 2700 1354 2791; baseline -0.001 -24"><span class='ocrx_word' id='word_1_234' title='bbox 60 2703 246 2767; x_wconf 86' lang='lat' dir='ltr'><strong>firmemus:</strong></span> <span class='ocrx_word' id='word_1_235' title='bbox 277 2703 306 2766; x_wconf 89' lang='lat' dir='ltr'><strong>si</strong></span> <span class='ocrx_word' id='word_1_236' title='bbox 328 2724 406 2788; x_wconf 87' lang='lat' dir='ltr'><strong>ergo</strong></span> <span class='ocrx_word' id='word_1_237' title='bbox 428 2704 474 2766; x_wconf 87' lang='lat' dir='ltr'><strong>ita</strong></span> <span class='ocrx_word' id='word_1_238' title='bbox 494 2704 627 2785; x_wconf 82' lang='lat' dir='ltr'><strong>vixeris,</strong></span> <span class='ocrx_word' id='word_1_239' title='bbox 651 2704 734 2769; x_wconf 90' lang='lat' dir='ltr'><strong>bene</strong></span> <span class='ocrx_word' id='word_1_240' title='bbox 757 2727 853 2791; x_wconf 83' lang='lat' dir='ltr'><strong>ages,</strong></span> <span class='ocrx_word' id='word_1_241' title='bbox 885 2704 980 2770; x_wconf 84' lang='lat' dir='ltr'><strong>slmul</strong></span> <span class='ocrx_word' id='word_1_242' title='bbox 1003 2713 1036 2770; x_wconf 93' lang='lat' dir='ltr'><strong>et</strong></span> <span class='ocrx_word' id='word_1_243' title='bbox 1056 2704 1181 2770; x_wconf 92' lang='lat' dir='ltr'><strong>domini</strong></span> <span class='ocrx_word' id='word_1_244' title='bbox 1202 2700 1354 2768; x_wconf 91' lang='lat' dir='ltr'><strong>montani</strong></span> 
     </span>
     <span class='ocr_line' id='line_1_26' title="bbox 62 2805 1352 2895; baseline -0.001 -24"><span class='ocrx_word' id='word_1_245' title='bbox 62 2806 122 2871; x_wconf 92' lang='lat' dir='ltr'><strong>tibi</strong></span> <span class='ocrx_word' id='word_1_246' title='bbox 145 2805 182 2870; x_wconf 87' lang='lat' dir='ltr'><strong>id</strong></span> <span class='ocrx_word' id='word_1_247' title='bbox 203 2806 418 2871; x_wconf 86' lang='lat' dir='ltr'><strong>amicabiliter</strong></span> <span class='ocrx_word' id='word_1_248' title='bbox 438 2806 566 2889; x_wconf 87' lang='lat' dir='ltr'><strong>favent,</strong></span> <span class='ocrx_word' id='word_1_249' title='bbox 601 2816 636 2872; x_wconf 91' lang='lat' dir='ltr'><strong>ut</strong></span> <span class='ocrx_word' id='word_1_250' title='bbox 668 2808 804 2894; x_wconf 90' lang='lat' dir='ltr'><strong>pacifice</strong></span> <span class='ocrx_word' id='word_1_251' title='bbox 832 2811 868 2874; x_wconf 93' lang='lat' dir='ltr'><strong>in</strong></span> <span class='ocrx_word' id='word_1_252' title='bbox 890 2809 952 2873; x_wconf 88' lang='lat' dir='ltr'><strong>hac</strong></span> <span class='ocrx_word' id='word_1_253' title='bbox 973 2807 1054 2890; x_wconf 87' lang='lat' dir='ltr'><strong>fide,</strong></span> <span class='ocrx_word' id='word_1_254' title='bbox 1086 2830 1183 2895; x_wconf 89' lang='lat' dir='ltr'><strong>quam</strong></span> <span class='ocrx_word' id='word_1_255' title='bbox 1204 2829 1352 2892; x_wconf 87' lang='lat' dir='ltr'><strong>assump-</strong></span> 
     </span>
     <span class='ocr_line' id='line_1_27' title="bbox 59 2910 1352 2999; baseline 0.002 -26"><span class='ocrx_word' id='word_1_256' title='bbox 59 2912 139 2991; x_wconf 88' lang='lat' dir='ltr'><strong>sisti,</strong></span> <span class='ocrx_word' id='word_1_257' title='bbox 175 2911 362 2974; x_wconf 86' lang='lat' dir='ltr'><strong>eonservari</strong></span> <span class='ocrx_word' id='word_1_258' title='bbox 384 2911 501 2997; x_wconf 86' lang='lat' dir='ltr'><strong>possis,</strong></span> <span class='ocrx_word' id='word_1_259' title='bbox 524 2912 621 2975; x_wconf 89' lang='lat' dir='ltr'><strong>unice</strong></span> <span class='ocrx_word' id='word_1_260' title='bbox 643 2920 799 2998; x_wconf 85' lang='lat' dir='ltr'><strong>optantes.</strong></span> <span class='ocrx_word' id='word_1_261' title='bbox 823 2921 860 2976; x_wconf 88' lang='lat' dir='ltr'><strong>ut</strong></span> <span class='ocrx_word' id='word_1_262' title='bbox 880 2913 913 2975; x_wconf 89' lang='lat' dir='ltr'><strong>in</strong></span> <span class='ocrx_word' id='word_1_263' title='bbox 937 2912 999 2976; x_wconf 92' lang='lat' dir='ltr'><strong>hoc</strong></span> <span class='ocrx_word' id='word_1_264' title='bbox 1021 2910 1194 2999; x_wconf 88' lang='lat' dir='ltr'><strong>prudentia</strong></span> <span class='ocrx_word' id='word_1_265' title='bbox 1216 2921 1249 2976; x_wconf 93' lang='lat' dir='ltr'><strong>et</strong></span> <span class='ocrx_word' id='word_1_266' title='bbox 1272 2934 1352 2977; x_wconf 91' lang='lat' dir='ltr'><strong>sano</strong></span> 
     </span>
     <span class='ocr_line' id='line_1_28' title="bbox 59 3012 1352 3099; baseline 0.001 -21"><span class='ocrx_word' id='word_1_267' title='bbox 59 3014 228 3079; x_wconf 85' lang='lat' dir='ltr'><strong>intellectu</strong></span> <span class='ocrx_word' id='word_1_268' title='bbox 250 3014 360 3077; x_wconf 86' lang='lat' dir='ltr'><strong>utaris.</strong></span> <span class='ocrx_word' id='word_1_269' title='bbox 405 3012 523 3077; x_wconf 89' lang='lat' dir='ltr'><strong>Variae</strong></span> <span class='ocrx_word' id='word_1_270' title='bbox 538 3023 652 3099; x_wconf 82' lang='lat' dir='ltr'><strong>gentes</strong></span> <span class='ocrx_word' id='word_1_271' title='bbox 676 3024 709 3080; x_wconf 90' lang='lat' dir='ltr'><strong>ct</strong></span> <span class='ocrx_word' id='word_1_272' title='bbox 730 3017 888 3090; x_wconf 90' lang='lat' dir='ltr'><strong>nationes,</strong></span> <span class='ocrx_word' id='word_1_273' title='bbox 909 3022 945 3080; x_wconf 89' lang='lat' dir='ltr'><strong>ut</strong></span> <span class='ocrx_word' id='word_1_274' title='bbox 967 3014 1094 3096; x_wconf 77' lang='lat' dir='ltr'><strong>Graeci,</strong></span> <span class='ocrx_word' id='word_1_275' title='bbox 1116 3015 1244 3098; x_wconf 87' lang='lat' dir='ltr'><strong>Ruteni,</strong></span> <span class='ocrx_word' id='word_1_276' title='bbox 1261 3016 1352 3080; x_wconf 90' lang='lat' dir='ltr'><strong>varie</strong></span> 
     </span>
     <span class='ocr_line' id='line_1_29' title="bbox 59 3115 1353 3201; baseline -0.001 -18"><span class='ocrx_word' id='word_1_277' title='bbox 59 3128 91 3183; x_wconf 90' lang='lat' dir='ltr'><strong>et</strong></span> <span class='ocrx_word' id='word_1_278' title='bbox 117 3118 258 3182; x_wconf 87' lang='lat' dir='ltr'><strong>diversis</strong></span> <span class='ocrx_word' id='word_1_279' title='bbox 281 3115 400 3201; x_wconf 81' lang='lat' dir='ltr'><strong>linguis</strong></span> <span class='ocrx_word' id='word_1_280' title='bbox 416 3116 580 3182; x_wconf 89' lang='lat' dir='ltr'><strong>dominum</strong></span> <span class='ocrx_word' id='word_1_281' title='bbox 596 3118 704 3182; x_wconf 91' lang='lat' dir='ltr'><strong>Deum</strong></span> <span class='ocrx_word' id='word_1_282' title='bbox 728 3140 821 3182; x_wconf 90' lang='lat' dir='ltr'><strong>suum</strong></span> <span class='ocrx_word' id='word_1_283' title='bbox 844 3118 986 3200; x_wconf 85' lang='lat' dir='ltr'><strong>laudant,</strong></span> <span class='ocrx_word' id='word_1_284' title='bbox 1009 3140 1084 3182; x_wconf 90' lang='lat' dir='ltr'><strong>nam</strong></span> <span class='ocrx_word' id='word_1_285' title='bbox 1116 3120 1151 3181; x_wconf 92' lang='lat' dir='ltr'><strong>in</strong></span> <span class='ocrx_word' id='word_1_286' title='bbox 1174 3117 1353 3183; x_wconf 86' lang='lat' dir='ltr'><strong>elevatione</strong></span> 
     </span>
     <span class='ocr_line' id='line_1_30' title="bbox 56 3221 1353 3308; baseline -0.001 -22"><span class='ocrx_word' id='word_1_287' title='bbox 56 3222 282 3307; x_wconf 82' lang='lat' dir='ltr'><strong>Eucharistiae</strong></span> <span class='ocrx_word' id='word_1_288' title='bbox 298 3223 331 3285; x_wconf 90' lang='lat' dir='ltr'><strong>in</strong></span> <span class='ocrx_word' id='word_1_289' title='bbox 348 3243 455 3308; x_wconf 85' lang='lat' dir='ltr'><strong>genua</strong></span> <span class='ocrx_word' id='word_1_290' title='bbox 467 3230 499 3284; x_wconf 90' lang='lat' dir='ltr'><strong>et</strong></span> <span class='ocrx_word' id='word_1_291' title='bbox 519 3221 620 3284; x_wconf 89' lang='lat' dir='ltr'><strong>facies</strong></span> <span class='ocrx_word' id='word_1_292' title='bbox 642 3221 832 3308; x_wconf 85' lang='lat' dir='ltr'><strong>procidunt3</strong></span> <span class='ocrx_word' id='word_1_293' title='bbox 845 3221 901 3285; x_wconf 92' lang='lat' dir='ltr'><strong>alii</strong></span> <span class='ocrx_word' id='word_1_294' title='bbox 917 3230 1031 3286; x_wconf 89' lang='lat' dir='ltr'><strong>euntes</strong></span> <span class='ocrx_word' id='word_1_295' title='bbox 1053 3243 1126 3286; x_wconf 91' lang='lat' dir='ltr'><strong>cum</strong></span> <span class='ocrx_word' id='word_1_296' title='bbox 1144 3224 1353 3308; x_wconf 89' lang='lat' dir='ltr'><strong>processione</strong></span> 
     </span>
     <span class='ocr_line' id='line_1_31' title="bbox 57 3324 1350 3413; baseline 0 -23"><span class='ocrx_word' id='word_1_297' title='bbox 57 3326 121 3390; x_wconf 87' lang='lat' dir='ltr'><strong>late</strong></span> <span class='ocrx_word' id='word_1_298' title='bbox 131 3336 262 3408; x_wconf 81' lang='lat' dir='ltr'><strong>canunt,</strong></span> <span class='ocrx_word' id='word_1_299' title='bbox 286 3336 318 3391; x_wconf 90' lang='lat' dir='ltr'><strong>et</strong></span> <span class='ocrx_word' id='word_1_300' title='bbox 338 3328 385 3390; x_wconf 86' lang='lat' dir='ltr'><strong>ita</strong></span> <span class='ocrx_word' id='word_1_301' title='bbox 407 3324 604 3412; x_wconf 90' lang='lat' dir='ltr'><strong>quibuslibet</strong></span> <span class='ocrx_word' id='word_1_302' title='bbox 625 3326 763 3407; x_wconf 89' lang='lat' dir='ltr'><strong>videtur,</strong></span> <span class='ocrx_word' id='word_1_303' title='bbox 788 3325 873 3413; x_wconf 89' lang='lat' dir='ltr'><strong>quod</strong></span> <span class='ocrx_word' id='word_1_304' title='bbox 886 3325 1016 3391; x_wconf 93' lang='lat' dir='ltr'><strong>domino</strong></span> <span class='ocrx_word' id='word_1_305' title='bbox 1029 3325 1102 3390; x_wconf 89' lang='lat' dir='ltr'><strong>Deo</strong></span> <span class='ocrx_word' id='word_1_306' title='bbox 1114 3347 1172 3389; x_wconf 92' lang='lat' dir='ltr'><strong>suo</strong></span> <span class='ocrx_word' id='word_1_307' title='bbox 1187 3325 1271 3390; x_wconf 93' lang='lat' dir='ltr'><strong>bene</strong></span> <span class='ocrx_word' id='word_1_308' title='bbox 1285 3347 1350 3390; x_wconf 81' lang='lat' dir='ltr'><strong>ser·</strong></span> 
     </span>
     <span class='ocr_line' id='line_1_32' title="bbox 57 3427 1352 3516; baseline -0.001 -23"><span class='ocrx_word' id='word_1_309' title='bbox 57 3432 167 3512; x_wconf 81' lang='lat' dir='ltr'><strong>viant3</strong></span> <span class='ocrx_word' id='word_1_310' title='bbox 189 3429 328 3516; x_wconf 89' lang='lat' dir='ltr'><strong>ideoque</strong></span> <span class='ocrx_word' id='word_1_311' title='bbox 345 3432 444 3515; x_wconf 89' lang='lat' dir='ltr'><strong>juxta</strong></span> <span class='ocrx_word' id='word_1_312' title='bbox 466 3450 647 3493; x_wconf 90' lang='lat' dir='ltr'><strong>sermonem</strong></span> <span class='ocrx_word' id='word_1_313' title='bbox 669 3429 836 3516; x_wconf 88' lang='lat' dir='ltr'><strong>Apostoli:</strong></span> <span class='ocrx_word' id='word_1_314' title='bbox 867 3429 947 3494; x_wconf 91' lang='lat' dir='ltr'><strong>nulli</strong></span> <span class='ocrx_word' id='word_1_315' title='bbox 970 3430 1045 3494; x_wconf 90' lang='lat' dir='ltr'><strong>date</strong></span> <span class='ocrx_word' id='word_1_316' title='bbox 1069 3427 1261 3493; x_wconf 88' lang='lat' dir='ltr'><strong>scandalum.</strong></span> <span class='ocrx_word' id='word_1_317' title='bbox 1306 3427 1352 3493; x_wconf 81' lang='lat' dir='ltr'><strong>Et</strong></span> 
     </span>
     <span class='ocr_line' id='line_1_33' title="bbox 56 3531 1351 3621; baseline -0.001 -24"><span class='ocrx_word' id='word_1_318' title='bbox 56 3536 175 3597; x_wconf 90' lang='lat' dir='ltr'><strong>iterum</strong></span> <span class='ocrx_word' id='word_1_319' title='bbox 190 3532 272 3597; x_wconf 89' lang='lat' dir='ltr'><strong>dicit</strong></span> <span class='ocrx_word' id='word_1_320' title='bbox 282 3532 461 3620; x_wconf 85' lang='lat' dir='ltr'><strong>Apostolus</strong></span> <span class='ocrx_word' id='word_1_321' title='bbox 484 3532 525 3596; x_wconf 92' lang='lat' dir='ltr'><strong>ad</strong></span> <span class='ocrx_word' id='word_1_322' title='bbox 539 3533 721 3597; x_wconf 85' lang='lat' dir='ltr'><strong>Romanos:</strong></span> <span class='ocrx_word' id='word_1_323' title='bbox 747 3555 830 3621; x_wconf 92' lang='lat' dir='ltr'><strong>quae</strong></span> <span class='ocrx_word' id='word_1_324' title='bbox 851 3555 904 3598; x_wconf 89' lang='lat' dir='ltr'><strong>res</strong></span> <span class='ocrx_word' id='word_1_325' title='bbox 918 3542 994 3598; x_wconf 90' lang='lat' dir='ltr'><strong>sunt</strong></span> <span class='ocrx_word' id='word_1_326' title='bbox 1014 3531 1182 3620; x_wconf 87' lang='lat' dir='ltr'><strong>pacificae,</strong></span> <span class='ocrx_word' id='word_1_327' title='bbox 1196 3533 1351 3619; x_wconf 86' lang='lat' dir='ltr'><strong>quaerite,</strong></span> 
     </span>
     <span class='ocr_line' id='line_1_34' title="bbox 55 3634 1350 3724; baseline -0.001 -23"><span class='ocrx_word' id='word_1_328' title='bbox 55 3653 87 3701; x_wconf 88' lang='lat' dir='ltr'><strong>et</strong></span> <span class='ocrx_word' id='word_1_329' title='bbox 118 3638 315 3724; x_wconf 87' lang='lat' dir='ltr'><strong>sequamini,</strong></span> <span class='ocrx_word' id='word_1_330' title='bbox 350 3647 382 3701; x_wconf 92' lang='lat' dir='ltr'><strong>et</strong></span> <span class='ocrx_word' id='word_1_331' title='bbox 405 3659 488 3723; x_wconf 91' lang='lat' dir='ltr'><strong>quae</strong></span> <span class='ocrx_word' id='word_1_332' title='bbox 511 3637 685 3723; x_wconf 83' lang='lat' dir='ltr'><strong>erigendae</strong></span> <span class='ocrx_word' id='word_1_333' title='bbox 707 3637 838 3703; x_wconf 91' lang='lat' dir='ltr'><strong>insimul</strong></span> <span class='ocrx_word' id='word_1_334' title='bbox 862 3635 1090 3703; x_wconf 88' lang='lat' dir='ltr'><strong>custodiamus.</strong></span> <span class='ocrx_word' id='word_1_335' title='bbox 1136 3634 1172 3700; x_wconf 89' lang='lat' dir='ltr'><strong>Si</strong></span> <span class='ocrx_word' id='word_1_336' title='bbox 1195 3656 1272 3720; x_wconf 87' lang='lat' dir='ltr'><strong>ergo</strong></span> <span class='ocrx_word' id='word_1_337' title='bbox 1294 3657 1350 3722; x_wconf 88' lang='lat' dir='ltr'><strong>ap·</strong></span> 
     </span>
     <span class='ocr_line' id='line_1_35' title="bbox 53 3737 1349 3828; baseline -0.003 -23"><span class='ocrx_word' id='word_1_338' title='bbox 53 3750 148 3827; x_wconf 90' lang='lat' dir='ltr'><strong>paret</strong></span> <span class='ocrx_word' id='word_1_339' title='bbox 178 3740 301 3828; x_wconf 89' lang='lat' dir='ltr'><strong>aliquid</strong></span> <span class='ocrx_word' id='word_1_340' title='bbox 336 3740 490 3805; x_wconf 83' lang='lat' dir='ltr'><strong>scandalo</strong></span> <span class='ocrx_word' id='word_1_341' title='bbox 514 3762 596 3818; x_wconf 91' lang='lat' dir='ltr'><strong>esse,</strong></span> <span class='ocrx_word' id='word_1_342' title='bbox 621 3751 654 3806; x_wconf 89' lang='lat' dir='ltr'><strong>et</strong></span> <span class='ocrx_word' id='word_1_343' title='bbox 675 3763 740 3806; x_wconf 91' lang='lat' dir='ltr'><strong>non</strong></span> <span class='ocrx_word' id='word_1_344' title='bbox 764 3744 886 3807; x_wconf 90' lang='lat' dir='ltr'><strong>servire</strong></span> <span class='ocrx_word' id='word_1_345' title='bbox 905 3740 947 3805; x_wconf 88' lang='lat' dir='ltr'><strong>ad</strong></span> <span class='ocrx_word' id='word_1_346' title='bbox 958 3737 1197 3827; x_wconf 90' lang='lat' dir='ltr'><strong>procurandum</strong></span> <span class='ocrx_word' id='word_1_347' title='bbox 1219 3737 1349 3821; x_wconf 89' lang='lat' dir='ltr'><strong>bouum,</strong></span> 
     </span>
     <span class='ocr_line' id='line_1_36' title="bbox 52 3842 1351 3932; baseline 0.001 -25"><span class='ocrx_word' id='word_1_348' title='bbox 52 3844 170 3908; x_wconf 85' lang='lat' dir='ltr'><strong>melius</strong></span> <span class='ocrx_word' id='word_1_349' title='bbox 207 3855 256 3909; x_wconf 91' lang='lat' dir='ltr'><strong>est</strong></span> <span class='ocrx_word' id='word_1_350' title='bbox 278 3846 310 3908; x_wconf 92' lang='lat' dir='ltr'><strong>in</strong></span> <span class='ocrx_word' id='word_1_351' title='bbox 334 3844 431 3909; x_wconf 89' lang='lat' dir='ltr'><strong>rebus</strong></span> <span class='ocrx_word' id='word_1_352' title='bbox 453 3844 573 3909; x_wconf 87' lang='lat' dir='ltr'><strong>talibus</strong></span> <span class='ocrx_word' id='word_1_353' title='bbox 602 3844 775 3932; x_wconf 89' lang='lat' dir='ltr'><strong>prudentia</strong></span> <span class='ocrx_word' id='word_1_354' title='bbox 798 3847 857 3928; x_wconf 83' lang='lat' dir='ltr'><strong>uti3</strong></span> <span class='ocrx_word' id='word_1_355' title='bbox 896 3846 1004 3910; x_wconf 88' lang='lat' dir='ltr'><strong>omnia</strong></span> <span class='ocrx_word' id='word_1_356' title='bbox 1038 3843 1124 3907; x_wconf 93' lang='lat' dir='ltr'><strong>enim</strong></span> <span class='ocrx_word' id='word_1_357' title='bbox 1147 3842 1351 3908; x_wconf 85' lang='lat' dir='ltr'><strong>observande</strong></span> 
     </span>
     <span class='ocr_line' id='line_1_37' title="bbox 53 3947 1341 4034; baseline 0.002 -24"><span class='ocrx_word' id='word_1_358' title='bbox 53 3958 145 4029; x_wconf 89' lang='lat' dir='ltr'><strong>suut,</strong></span> <span class='ocrx_word' id='word_1_359' title='bbox 180 3968 263 4033; x_wconf 89' lang='lat' dir='ltr'><strong>quae</strong></span> <span class='ocrx_word' id='word_1_360' title='bbox 286 3970 343 4033; x_wconf 92' lang='lat' dir='ltr'><strong>pro</strong></span> <span class='ocrx_word' id='word_1_361' title='bbox 383 3947 598 4012; x_wconf 90' lang='lat' dir='ltr'><strong>emolumento</strong></span> <span class='ocrx_word' id='word_1_362' title='bbox 645 3958 677 4012; x_wconf 93' lang='lat' dir='ltr'><strong>et</strong></span> <span class='ocrx_word' id='word_1_363' title='bbox 706 3970 816 4013; x_wconf 89' lang='lat' dir='ltr'><strong>amore</strong></span> <span class='ocrx_word' id='word_1_364' title='bbox 850 3971 888 4014; x_wconf 90' lang='lat' dir='ltr'><strong>ac</strong></span> <span class='ocrx_word' id='word_1_365' title='bbox 910 3947 996 4013; x_wconf 91' lang='lat' dir='ltr'><strong>bono</strong></span> <span class='ocrx_word' id='word_1_366' title='bbox 1020 3949 1160 4034; x_wconf 87' lang='lat' dir='ltr'><strong>proximi</strong></span> <span class='ocrx_word' id='word_1_367' title='bbox 1184 3948 1341 4029; x_wconf 87' lang='lat' dir='ltr'><strong>serviunt,</strong></span> 
     </span>
     <span class='ocr_line' id='line_1_38' title="bbox 52 4050 1347 4139; baseline 0 -25"><span class='ocrx_word' id='word_1_368' title='bbox 52 4055 138 4115; x_wconf 87' lang='lat' dir='ltr'><strong>sicut</strong></span> <span class='ocrx_word' id='word_1_369' title='bbox 161 4052 195 4114; x_wconf 94' lang='lat' dir='ltr'><strong>in</strong></span> <span class='ocrx_word' id='word_1_370' title='bbox 219 4050 280 4115; x_wconf 89' lang='lat' dir='ltr'><strong>hoc</strong></span> <span class='ocrx_word' id='word_1_371' title='bbox 301 4051 439 4116; x_wconf 86' lang='lat' dir='ltr'><strong>articulo</strong></span> <span class='ocrx_word' id='word_1_372' title='bbox 463 4074 505 4115; x_wconf 88' lang='lat' dir='ltr'><strong>ex</strong></span> <span class='ocrx_word' id='word_1_373' title='bbox 526 4061 619 4138; x_wconf 90' lang='lat' dir='ltr'><strong>parte</strong></span> <span class='ocrx_word' id='word_1_374' title='bbox 642 4053 743 4117; x_wconf 90' lang='lat' dir='ltr'><strong>altera</strong></span> <span class='ocrx_word' id='word_1_375' title='bbox 766 4055 920 4139; x_wconf 88' lang='lat' dir='ltr'><strong>scriptum</strong></span> <span class='ocrx_word' id='word_1_376' title='bbox 953 4062 1018 4135; x_wconf 87' lang='lat' dir='ltr'><strong>est,</strong></span> <span class='ocrx_word' id='word_1_377' title='bbox 1055 4051 1284 4138; x_wconf 89' lang='lat' dir='ltr'><strong>sequentibus:</strong></span> <span class='ocrx_word' id='word_1_378' title='bbox 1319 4054 1347 4115; x_wconf 88' lang='lat' dir='ltr'><strong>si</strong></span> 
     </span>
     <span class='ocr_line' id='line_1_39' title="bbox 54 4154 1343 4242; baseline 0.001 -24"><span class='ocrx_word' id='word_1_379' title='bbox 54 4177 135 4219; x_wconf 88' lang='lat' dir='ltr'><strong>vero</strong></span> <span class='ocrx_word' id='word_1_380' title='bbox 157 4154 299 4242; x_wconf 90' lang='lat' dir='ltr'><strong>populus</strong></span> <span class='ocrx_word' id='word_1_381' title='bbox 321 4154 356 4219; x_wconf 90' lang='lat' dir='ltr'><strong>id</strong></span> <span class='ocrx_word' id='word_1_382' title='bbox 378 4155 484 4220; x_wconf 86' lang='lat' dir='ltr'><strong>adhuc</strong></span> <span class='ocrx_word' id='word_1_383' title='bbox 493 4155 703 4239; x_wconf 87' lang='lat' dir='ltr'><strong>desideraret,</strong></span> <span class='ocrx_word' id='word_1_384' title='bbox 727 4166 762 4221; x_wconf 91' lang='lat' dir='ltr'><strong>ut</strong></span> <span class='ocrx_word' id='word_1_385' title='bbox 785 4157 892 4222; x_wconf 87' lang='lat' dir='ltr'><strong>subito</strong></span> <span class='ocrx_word' id='word_1_386' title='bbox 907 4157 1027 4223; x_wconf 88' lang='lat' dir='ltr'><strong>abinde</strong></span> <span class='ocrx_word' id='word_1_387' title='bbox 1042 4180 1107 4222; x_wconf 92' lang='lat' dir='ltr'><strong>non</strong></span> <span class='ocrx_word' id='word_1_388' title='bbox 1127 4154 1343 4238; x_wconf 87' lang='lat' dir='ltr'><strong>detineantur,</strong></span> 
     </span>
     <span class='ocr_line' id='line_1_40' title="bbox 55 4258 1340 4345; baseline 0.003 -23"><span class='ocrx_word' id='word_1_389' title='bbox 55 4259 163 4323; x_wconf 92' lang='lat' dir='ltr'><strong>donec</strong></span> <span class='ocrx_word' id='word_1_390' title='bbox 185 4260 276 4344; x_wconf 88' lang='lat' dir='ltr'><strong>prius</strong></span> <span class='ocrx_word' id='word_1_391' title='bbox 298 4281 358 4345; x_wconf 90' lang='lat' dir='ltr'><strong>per</strong></span> <span class='ocrx_word' id='word_1_392' title='bbox 372 4258 560 4323; x_wconf 84' lang='lat' dir='ltr'><strong>charitatem</strong></span> <span class='ocrx_word' id='word_1_393' title='bbox 585 4270 617 4324; x_wconf 91' lang='lat' dir='ltr'><strong>et</strong></span> <span class='ocrx_word' id='word_1_394' title='bbox 640 4260 813 4325; x_wconf 88' lang='lat' dir='ltr'><strong>lectionem</strong></span> <span class='ocrx_word' id='word_1_395' title='bbox 837 4260 958 4326; x_wconf 80' lang='lat' dir='ltr'><strong>Christi</strong></span> <span class='ocrx_word' id='word_1_396' title='bbox 982 4260 1103 4326; x_wconf 85' lang='lat' dir='ltr'><strong>abinde</strong></span> <span class='ocrx_word' id='word_1_397' title='bbox 1125 4263 1340 4327; x_wconf 88' lang='lat' dir='ltr'><strong>retrahantur.</strong></span> 
     </span>
     <span class='ocr_line' id='line_1_41' title="bbox 54 4361 1348 4448; baseline 0.004 -24"><span class='ocrx_word' id='word_1_398' title='bbox 54 4361 128 4425; x_wconf 88' lang='lat' dir='ltr'><strong>Nec</strong></span> <span class='ocrx_word' id='word_1_399' title='bbox 152 4370 231 4448; x_wconf 83' lang='lat' dir='ltr'><strong>puta</strong></span> <span class='ocrx_word' id='word_1_400' title='bbox 253 4361 430 4448; x_wconf 83' lang='lat' dir='ltr'><strong>Malinshy,</strong></span> <span class='ocrx_word' id='word_1_401' title='bbox 455 4364 540 4448; x_wconf 92' lang='lat' dir='ltr'><strong>quod</strong></span> <span class='ocrx_word' id='word_1_402' title='bbox 564 4386 615 4428; x_wconf 90' lang='lat' dir='ltr'><strong>res</strong></span> <span class='ocrx_word' id='word_1_403' title='bbox 627 4364 701 4428; x_wconf 87' lang='lat' dir='ltr'><strong>talis</strong></span> <span class='ocrx_word' id='word_1_404' title='bbox 725 4365 831 4430; x_wconf 92' lang='lat' dir='ltr'><strong>subito</strong></span> <span class='ocrx_word' id='word_1_405' title='bbox 848 4375 914 4430; x_wconf 83' lang='lat' dir='ltr'><strong>tam</strong></span> <span class='ocrx_word' id='word_1_406' title='bbox 935 4366 1032 4431; x_wconf 88' lang='lat' dir='ltr'><strong>facile</strong></span> <span class='ocrx_word' id='word_1_407' title='bbox 1056 4366 1219 4431; x_wconf 86' lang='lat' dir='ltr'><strong>succedat.</strong></span> <span class='ocrx_word' id='word_1_408' title='bbox 1243 4365 1348 4446; x_wconf 77' lang='lat' dir='ltr'><strong>Quae</strong></span> 
     </span>
     <span class='ocr_line' id='line_1_42' title="bbox 55 4464 1346 4555; baseline 0.003 -29"><span class='ocrx_word' id='word_1_409' title='bbox 55 4465 132 4527; x_wconf 90' lang='lat' dir='ltr'><strong>dam</strong></span> <span class='ocrx_word' id='word_1_410' title='bbox 157 4465 243 4527; x_wconf 90' lang='lat' dir='ltr'><strong>enim</strong></span> <span class='ocrx_word' id='word_1_411' title='bbox 266 4487 319 4528; x_wconf 85' lang='lat' dir='ltr'><strong>res</strong></span> <span class='ocrx_word' id='word_1_412' title='bbox 342 4464 437 4528; x_wconf 89' lang='lat' dir='ltr'><strong>facile</strong></span> <span class='ocrx_word' id='word_1_413' title='bbox 462 4466 699 4552; x_wconf 88' lang='lat' dir='ltr'><strong>suscipiuntur,</strong></span> <span class='ocrx_word' id='word_1_414' title='bbox 733 4468 892 4554; x_wconf 87' lang='lat' dir='ltr'><strong>quaedam</strong></span> <span class='ocrx_word' id='word_1_415' title='bbox 925 4469 1175 4555; x_wconf 74' lang='lat' dir='ltr'><strong>prolongantur,</strong></span> <span class='ocrx_word' id='word_1_416' title='bbox 1210 4489 1346 4531; x_wconf 86' lang='lat' dir='ltr'><strong>necesse</strong></span> 
     </span>
     <span class='ocr_line' id='line_1_43' title="bbox 49 4566 1344 4654; baseline 0.002 -23"><span class='ocrx_word' id='word_1_417' title='bbox 49 4589 130 4652; x_wconf 88' lang='lat' dir='ltr'><strong>ergo</strong></span> <span class='ocrx_word' id='word_1_418' title='bbox 155 4576 214 4650; x_wconf 89' lang='lat' dir='ltr'><strong>est,</strong></span> <span class='ocrx_word' id='word_1_419' title='bbox 238 4568 272 4631; x_wconf 95' lang='lat' dir='ltr'><strong>in</strong></span> <span class='ocrx_word' id='word_1_420' title='bbox 294 4566 444 4633; x_wconf 91' lang='lat' dir='ltr'><strong>omnibus</strong></span> <span class='ocrx_word' id='word_1_421' title='bbox 461 4572 634 4654; x_wconf 78' lang='lat' dir='ltr'><strong>prudentia</strong></span> <span class='ocrx_word' id='word_1_422' title='bbox 655 4574 707 4634; x_wconf 83' lang='lat' dir='ltr'><strong>uti.</strong></span> <span class='ocrx_word' id='word_1_423' title='bbox 751 4571 824 4636; x_wconf 91' lang='lat' dir='ltr'><strong>Hoc</strong></span> <span class='ocrx_word' id='word_1_424' title='bbox 843 4594 991 4637; x_wconf 89' lang='lat' dir='ltr'><strong>sermone</strong></span> <span class='ocrx_word' id='word_1_425' title='bbox 1013 4572 1104 4637; x_wconf 89' lang='lat' dir='ltr'><strong>finito</strong></span> <span class='ocrx_word' id='word_1_426' title='bbox 1116 4574 1344 4638; x_wconf 76' lang='lat' dir='ltr'><strong>discesserunt</strong></span> 
     </span>
     <span class='ocr_line' id='line_1_44' title="bbox 48 4670 1356 4766; baseline 0 -29"><span class='ocrx_word' id='word_1_427' title='bbox 48 4672 101 4737; x_wconf 78' lang='lat' dir='ltr'><strong>Ex</strong></span> <span class='ocrx_word' id='word_1_428' title='bbox 134 4671 198 4736; x_wconf 90' lang='lat' dir='ltr'><strong>hoc</strong></span> <span class='ocrx_word' id='word_1_429' title='bbox 230 4670 381 4736; x_wconf 86' lang='lat' dir='ltr'><strong>laudetur</strong></span> <span class='ocrx_word' id='word_1_430' title='bbox 413 4671 514 4736; x_wconf 89' lang='lat' dir='ltr'><strong>Deus.</strong></span> <span class='ocrx_word' id='word_1_431' title='bbox 554 4671 739 4738; x_wconf 85' lang='lat' dir='ltr'><strong>Adfuerunt</strong></span> <span class='ocrx_word' id='word_1_432' title='bbox 770 4674 817 4741; x_wconf 94' lang='lat' dir='ltr'><strong>ibi</strong></span> <span class='ocrx_word' id='word_1_433' title='bbox 851 4675 892 4741; x_wconf 89' lang='lat' dir='ltr'><strong>de</strong></span> <span class='ocrx_word' id='word_1_434' title='bbox 924 4677 1090 4766; x_wconf 78' lang='lat' dir='ltr'><strong>magistris</strong></span> <span class='ocrx_word' id='word_1_435' title='bbox 1122 4673 1356 4766; x_wconf 60' lang='lat' dir='ltr'><strong>Praqsus‘xhss</strong></span> 
     </span>
    </p>
   </div>
   <div class='ocr_carea' id='block_1_3' title="bbox 0 0 1478 5040">
    <p class='ocr_par' dir='ltr' id='par_1_3' title="bbox 0 0 1478 5040">
     <span class='ocr_line' id='line_1_45' title="bbox 0 0 1478 5040; baseline 0 4"><span class='ocrx_word' id='word_1_436' title='bbox 0 0 1478 5040; x_wconf 95' lang='lat' dir='ltr'><strong> </strong></span> 
     </span>
    </p>
   </div>
  </div>
 </body>
</html>
