2948 5040
665 309 815 380 CAPUT
833 311 867 378 4.

365 490 510 567 Ejusdem
532 485 632 551 fratris
654 490 788 551 Mathiae
810 490 964 549 literarum
986 485 1175 563 continuatio.

208 638 355 706 Tandem
377 639 461 707 dicis
482 641 517 706 in
540 639 591 707 his
622 640 726 708 literis
758 641 800 707 de
832 661 910 708 vero
942 662 1042 706 sensu
1070 640 1153 728 legis
1173 643 1239 710 Dei
1271 655 1420 713 veterum

123 746 360 830 Taboritarum,
389 743 602 833 quod-fallax
631 755 663 813 et
693 745 876 813 haereticus
899 746 950 828 sit,
983 743 1039 810 ubi
1062 754 1170 811 umen
1203 770 1266 815 nec
1298 759 1337 816 tn
1359 774 1421 820 nse

123 851 209 921 ullus
230 858 376 916 vestrum
399 848 594 917 exhibuistis
616 849 785 917 meliorem
807 859 840 916 et
860 848 1077 937 fundationem
1098 871 1240 937 sensum,
1271 876 1313 920 ac
1335 858 1421 923 sani·

123 976 213 1021 orem
233 953 491 1040 intelligentiam,
520 955 618 1040 juxta
639 958 866 1042 argumentum
887 953 965 1020 fidei
989 975 1031 1018 ex
1053 954 1215 1042 scriptura
1234 962 1422 1028 testamenti

124 1058 227 1124 divini
249 1057 291 1123 de
313 1065 516 1125 sacramento
539 1059 684 1146 corporis
700 1056 837 1125 Christi.
864 1057 1014 1146 Nequitia
1037 1058 1124 1123 enim
1145 1059 1212 1126 ullo
1227 1063 1422 1152 simpliciter

122 1184 215 1238 sacro
248 1170 341 1228 textu
376 1184 419 1229 ex
448 1160 559 1245 verbis
587 1160 720 1246 Christi,
757 1172 814 1229 aut
858 1162 970 1229 verbis
1003 1163 1221 1250 apostolorum
1257 1169 1422 1255 quoddam

121 1277 346 1355 argumentum
370 1265 602 1350 demonstrare,
637 1276 669 1332 et
697 1269 731 1333 in
753 1290 832 1333 vero
855 1287 954 1334 sensu
987 1279 1028 1333 ac
1049 1288 1128 1334 sano
1150 1269 1320 1341 intellectu
1348 1296 1421 1362 pro

123 1372 254 1454 ducere,
284 1379 320 1436 ut
349 1372 396 1436 ita
424 1371 618 1448 inveniatur,
654 1372 737 1438 sicut
773 1394 832 1438 vos
869 1371 1054 1439 sacerdotes
1076 1371 1270 1442 Antichristi
1301 1377 1424 1447 habere
1464 1418 1467 1425 ·

122 1476 221 1543 vultis
244 1484 278 1541 et
302 1473 420 1557 dicitis,
443 1475 531 1562 quod
553 1497 612 1541 vos
641 1474 788 1542 habeatis
809 1475 975 1543 Christum
997 1476 1175 1543 Dominum
1207 1483 1424 1571 personalem

124 1579 379 1662 substantialem,
414 1579 629 1664 essentialem,
663 1583 787 1665 vivum,
820 1604 840 1647 a
869 1580 1014 1647 dexteris
1036 1581 1102 1648 Dei
1123 1584 1159 1648 in
1181 1583 1283 1650 coelis
1305 1587 1422 1655 seden-

124 1693 200 1766 tem,
233 1685 268 1749 in
300 1683 412 1749 altaris
445 1694 670 1772 sacrament03
708 1685 750 1751 de
782 1685 848 1752 fide
869 1707 947 1752 vero
980 1685 1063 1752 illud
1102 1709 1169 1753 non
1191 1693 1332 1776 qtenetis,
1365 1694 1423 1761 sed

126 1796 248 1855 mutum
269 1811 329 1876 pro
352 1789 456 1876 gloria
479 1791 656 1858 ethonore
678 1800 787 1858 restro
810 1799 843 1857 et
864 1799 997 1880 propter
1017 1793 1173 1880 pinguem
1203 1796 1426 1884 praebendam

125 1905 159 1963 et
192 1893 386 1962 beneficium
426 1895 508 1963 haee
539 1897 736 1986 profitemini
768 1919 877 1964 coram
906 1899 1150 1982 communitate,
1184 1909 1220 1965 nt
1252 1904 1427 1990 opinentur

124 2021 184 2068 vos
207 2021 290 2071 osse·
308 2008 469 2067 creatores
490 2002 565 2087 Dei,
596 2012 691 2092 prout
721 2005 818 2069 etiam
847 2001 993 2069 auditum
1014 2002 1084 2086 fuit,
1119 2003 1206 2089 quod
1239 2009 1362 2077 simiha
1392 2011 1427 2076 in

126 2105 338 2173 concionibus
361 2105 540 2193 proferatis.
1380 2181 1383 2187 ,
1417 2182 1420 2187 ,

212 2208 341 2298 ijicis
364 2211 462 2277 etiam
483 2209 604 2296 literas,
628 2235 709 2303 quas
740 2215 935 2303 scripseram
963 2205 1219 2278 administratori
1241 2209 1274 2268 et
1296 2199 1427 2269 censis.-

127 2317 223 2383 torio.
267 2313 321 2382 Ad
343 2314 425 2381 haec
457 2318 555 2383 etiam
577 2319 769 2408 respondeo,
808 2319 896 2409 qnod
927 2337 1140 2406 quaecuuque
1176 2313 1212 2377 in
1244 2307 1297 2373 his
1320 2305 1428 2375 literis

128 2420 254 2509 scripsi,
286 2420 458 2486 veritatem
488 2443 527 2488 ac
548 2423 751 2491 voluntatem
772 2424 836 2490 Dei
870 2421 1100 2513 omnipotentis
1133 2412 1335 2504 scripserim,
1371 2407 1427 2475 illo

127 2525 304 2592 auxiliante
326 2525 504 2592 condolens
526 2549 664 2615 magnae
698 2531 837 2618 injuriae
871 2538 904 2595 et
931 2524 1085 2595 infernali
1115 2522 1201 2605 odio,
1235 2539 1320 2607 qnae
1342 2516 1427 2582 veri·

116 2630 187 2695 tati
209 2626 279 2712 ejus
300 2628 460 2696 violenter
481 2631 665 2701 inferuntur
697 2645 732 2700 et
764 2632 915 2700 fidelibus
938 2629 1062 2698 Christi
1090 2624 1245 2695 membris
1267 2620 1310 2688 ab
1335 2619 1427 2686 Anti·

129 2731 259 2809 christo,
283 2741 315 2798 et
335 2733 430 2800 vobis
449 2734 526 2802 filiis
550 2739 697 2825 ejusdem
716 2739 807 2822 fiunt,
830 2759 890 2826 pro
912 2759 977 2827 qua
992 2735 1137 2802 evidenti
1152 2729 1276 2799 Christi
1288 2725 1424 2793 Domini

128 2837 276 2920 veritate,
296 2829 365 2902 non
386 2848 512 2905 tantum
533 2841 703 2912 diuturnos
725 2866 883 2926 carceres,
905 2846 971 2910 imo
995 2858 1203 2931 quascunque
1228 2831 1424 2900 afflictiones

130 2940 307 3009 auxiliante
328 2942 401 3009 Deo
425 2947 584 3014 sustinere
614 2958 747 3038 paratus
768 2950 825 3034 fui,
856 2959 890 3017 et
910 2950 1089 3036 hucusque,
1122 2944 1157 3009 si·
1173 2942 1244 3030 ejus
1272 2936 1426 3004 voluntas

131 3053 245 3112 sancta
264 3045 358 3125 foret,
380 3050 481 3116 vitam
503 3074 610 3119 meam
633 3056 759 3140 offerre,
784 3065 816 3122 et
837 3052 1088 3144 quamcumque
1103 3044 1270 3117 crudelem
1286 3049 1425 3108 mortem

131 3149 241 3217 subire
264 3150 404 3239 vellem3
428 3155 511 3223 haee
531 3181 610 3225 vero
644 3162 754 3226 omnia
785 3162 821 3226 in
853 3182 906 3227 me
938 3161 1010 3248 ipso
1040 3177 1105 3221 non
1133 3148 1280 3230 fundavi,
1312 3163 1427 3211 verum

42 3336 45 3353 ἰ
133 3255 238 3321 omnis
260 3277 333 3320 mea
356 3279 442 3346 spes,
471 3261 602 3349 fiducia,
632 3265 822 3331 confortatio
857 3273 890 3329 et
928 3261 1074 3352 potentia
1107 3256 1150 3323 ad
1178 3255 1260 3321 haec
1293 3251 1329 3316 in
1354 3249 1426 3315 Deo

130 3360 199 3426 ⁵010
220 3359 359 3445 fuerunt,
382 3366 459 3434 inde
482 3370 587 3434 omnis
609 3369 765 3436 violentia
785 3367 990 3450 Antichristi,
1014 3375 1046 3430 et
1067 3369 1180 3452 portae
1200 3356 1323 3424 inferni
1346 3349 1426 3419 nihil

130 3482 260 3549 efficere
280 3481 456 3568 potuerunt
486 3481 600 3539 contra
620 3473 729 3539 Deum
752 3474 856 3541 solum
886 3479 1063 3562 potentem,
1093 3488 1156 3533 nee
1182 3470 1297 3531 contra
1328 3458 1424 3526 fidem

128 3609 244 3653 meam.
289 3583 381 3648 Haec
402 3579 477 3645 ideo
501 3578 618 3661 scribo,
641 3601 683 3644 ne
699 3578 867 3668 judicetis,
889 3576 977 3666 quod
1000 3575 1041 3641 de
1062 3572 1113 3639 his
1144 3566 1335 3637 carceribus·
1355 3584 1425 3630 con·

130 3711 257 3780 querar,
279 3695 335 3753 aut
356 3706 499 3770 unquam
520 3692 715 3772 conquestus
736 3683 863 3767 fuerim,
893 3689 949 3746 aut
969 3678 1104 3744 horrore
1125 3671 1306 3764 perculsus.
1353 3668 1422 3736 Imo

131 3818 173 3861 ex
196 3792 376 3860 humihtate
397 3794 513 3878 loquor
546 3798 579 3854 et
601 3811 644 3854 cx
665 3787 730 3854 lide
751 3788 904 3876 profiteor
926 3807 1001 3851 eum
1022 3779 1188 3870 apostolis,
1212 3774 1299 3864 quod
1312 3771 1424 3840 Domi·

131 3921 192 3966 nus
214 3898 306 3963 Deus
328 3894 409 3961 mihi
429 3918 495 3961 non
517 3894 644 3960 dederit
666 3894 814 3982 spiritum
848 3892 971 3958 timoris
1002 3897 1035 3954 et
1056 3885 1208 3965 horroris,
1244 3879 1303 3945 sed
1332 3877 1423 3967 spiri·

130 4015 199 4071 tum
220 4002 430 4084 constantiae,
468 4009 500 4084 et
522 3999 601 4066 haec
624 3999 755 4089 quidem
789 4021 831 4063 ex
860 3997 965 4082 gratia
986 3994 1052 4060 Sua
1075 3996 1204 4072 sancta3
1234 3986 1423 4051 concessum

132 4110 229 4174 etiam
251 4105 331 4173 mihi
353 4105 423 4188 fuit,
456 4126 522 4169 non
543 4111 668 4170 tantum
691 4105 726 4170 in
748 4102 914 4170 Christum
936 4099 1115 4166 Dominum
1138 4091 1281 4172 credere,
1312 4088 1373 4154 sed
1398 4094 1427 4151 et

131 4236 191 4300 pro
213 4211 268 4277 illo
290 4212 363 4299 ipso
397 4208 577 4275 auxiliante
611 4210 720 4274 omnia
749 4209 836 4275 mala
865 4208 1035 4287 sustinere,
1064 4197 1246 4284 dequibus
1276 4192 1425 4260 omnibus

133 4320 164 4384 ei
187 4319 229 4383 sit
250 4317 448 4404 sempiterna
470 4314 540 4380 laus
563 4324 595 4379 et
628 4314 919 4401 gratiarumactio.
963 4309 1037 4375 Non
1059 4304 1154 4373 nobie
1176 4301 1330 4382 Domine,
1365 4318 1426 4364 non

132 4421 237 4500 nobis,
254 4421 313 4487 sed
334 4419 458 4486 nomini
469 4419 540 4485 Tuo
563 4419 606 4485 da
617 4418 772 4506 gloriam3
794 4419 916 4485 veritas
932 4414 1018 4481 enim
1033 4411 1105 4478 Tua
1118 4404 1305 4497 triumphat,
1328 4400 1428 4469 vincit

134 4536 166 4593 et
185 4532 375 4615 perseverat
396 4524 429 4587 in
452 4523 582 4589 saecula
605 4521 816 4588 saeculorum.

217 4630 277 4696 Ais
301 4629 409 4711 etiam,
431 4649 484 4692 me
505 4628 587 4694 nihil
611 4627 687 4704 illis,
721 4647 783 4692 nec
804 4623 886 4689 mihi
912 4619 1099 4710 proiecisse,
1126 4622 1166 4687 :et
1187 4635 1240 4685 me
1261 4611 1338 4677 ideo
1361 4631 1429 4677 esse

120 4734 284 4801 miserum
307 4742 343 4802 et
360 4755 561 4824 pauperam3
596 4731 638 4800 ad
659 4731 741 4798 haee
761 4729 909 4796 diocte
929 4723 1062 4796 miseria
1082 4728 1116 4793 et
1136 4723 1342 4815 paupertate,
1366 4716 1429 4785 imo
