2948 5040
122 140 187 209 206

123 313 212 399 rigis.
246 310 326 391 Quis
349 310 436 375 enim
466 308 713 377 christianorum
746 316 806 393 est,
837 307 893 395 qui
924 305 985 375 hoc
1017 313 1161 393 negaret,
1191 314 1288 395 prout
1320 305 1416 373 etiam

123 413 221 498 istud,
245 413 333 501 qued
357 412 508 479 Christus
529 413 690 480 Dominus
720 410 872 498 dignatus
903 412 954 494 sit,
988 410 1083 477 nobis
1107 410 1278 479 extradere
1299 433 1418 499 corpus

124 541 228 601 suum,
259 517 347 605 quod
368 539 428 606 pro
450 516 545 583 nobis
567 515 730 604 proditum
752 516 822 600 fuit,
853 524 887 583 et
916 517 1108 603 sanguinem
1141 538 1245 601 suum,
1279 516 1339 602 qui
1359 538 1418 603 pro

122 621 218 689 nobis
242 623 362 689 effusus
384 622 453 691 fuit
485 621 580 689 Haec
595 644 679 693 ¹uero
701 644 768 688 nen
789 620 894 705 addis,
929 622 1017 709 quod
1050 622 1148 689 etiam
1170 620 1302 699 credas,¹
1331 618 1419 708 quod

123 727 187 795 hoc
208 727 344 793 verbum
366 727 573 793 incarnatum
595 735 628 792 et
650 749 725 793 care
747 725 868 793 lactum
890 725 1075 793 ascenderit
1094 726 1130 791 in
1152 725 1271 809 coelos,
1293 723 1420 791 sedeat·

125 854 188 921 que
200 831 243 900 ad
265 832 433 899 dexteram
447 832 514 897 Dei
527 831 643 914 Patris,
667 830 744 897 inde
766 842 800 897 ct
819 853 886 898 non
901 831 1032 897 aliunde
1053 831 1168 899 venire
1188 829 1318 912 debeat,
1336 828 1420 912 jndi-

125 960 202 1003 care
223 938 316 1003 vivos
338 946 371 1002 et
393 945 546 1018 mertuos,
583 935 640 1001 sed
669 934 806 1004 adducis
836 958 896 1024 pro
928 944 1128 1023 argumento,
1158 934 1247 1025 quod
1278 933 1420 999 infantes

55 1034 57 1039 ’
123 1042 201 1105 ituri
224 1039 267 1105 ad
290 1041 506 1127 sumptionem
528 1041 724 1107 sacramenti
746 1039 961 1121 eucharistiae
989 1042 1037 1107 ita
1057 1040 1167 1107 dicere
1189 1039 1333 1106 soleant:
1361 1037 1420 1105 Ibo

124 1143 167 1211 ad
188 1144 366 1210 Dominum
386 1144 496 1209 Deum
516 1152 576 1211 etc.
1029 1206 1033 1217 ,

210 1248 294 1313 Item
317 1249 415 1313 etiam
437 1249 472 1313 in
495 1270 596 1313 coena
630 1271 688 1314 sua
711 1249 859 1316 Christus
880 1250 1042 1315 Dominus
1074 1248 1173 1315 nullis
1202 1247 1276 1315 aliis
1311 1246 1420 1315 verbis

124 1352 296 1434 usus‘fuit,
319 1352 466 1438 exceptis
489 1350 550 1434 his,
573 1364 756 1440 quaesunt
776 1355 812 1420 in
832 1353 908 1441 lege
929 1353 996 1419 Dei
1016 1354 1185 1441 inscripta,
1206 1372 1268 1419 nec
1291 1359 1420 1421 sanctus

124 1456 245 1523 Paulus
279 1455 443 1543 apostolus
466 1455 596 1523 rediens
617 1456 659 1523 de
682 1457 773 1523 coelo
795 1459 978 1525 tertiorum
1000 1459 1124 1542 nuntio,
1146 1465 1203 1523 aut
1218 1479 1255 1522 re
1277 1457 1310 1521 ei
1332 1476 1418 1521 com·

125 1563 234 1642 missa,
259 1582 341 1646 quae
365 1558 407 1623 ed
424 1558 608 1627 Corinthios
631 1569 784 1647 testetur3
809 1561 867 1627 sed
882 1561 978 1630 ambo
993 1561 1076 1627 haec
1089 1562 1276 1643 emiserunt,
1299 1559 1421 1626 nullam

125 1665 324 1729 mentionem
347 1662 390 1728 de
411 1662 462 1727 his
483 1662 650 1750 facientes,
687 1667 771 1732 siout
791 1676 827 1733 tu
848 1665 957 1733 audax
979 1676 1013 1733 et
1034 1689 1146 1735 errans
1169 1665 1334 1744 sacerdos,
1366 1686 1422 1733 ve·

125 1769 197 1835 lens
219 1789 417 1850 asseverare,
449 1769 537 1855 quod
569 1793 686 1858 corpus
724 1793 817 1836 suum
850 1793 924 1839 cum
958 1771 1046 1837 omni
1073 1771 1212 1839 naturali
1241 1769 1422 1837 substantia

127 1871 349 1955 extradiderit,
384 1872 425 1938 de
448 1895 511 1960 quo
533 1875 662 1963 pridem
679 1874 759 1959 jam,
793 1875 881 1964 quod
902 1875 943 1941 ab
965 1877 1013 1943 eis
1047 1874 1138 1943 abire
1171 1885 1205 1943 et
1235 1877 1270 1942 in
1297 1874 1421 1943 coelum

126 1976 304 2044 ascendere
327 1976 455 2062 debeat,
488 1980 706 2068 praedixerat.
750 1979 825 2047 Hoc
847 1982 944 2047 etiam
972 1982 1068 2049 nobis
1091 1983 1271 2070 scripturae
1300 1979 1422 2047 multae

83 2155 90 2167 ,
125 2096 293 2170 testantur,
317 2084 404 2174 quod
425 2089 557 2155 omnino
580 2090 626 2155 ita
646 2088 768 2155 factum
788 2088 895 2172 fuerit,
928 2085 1142 2176 relinquendo
1173 2083 1269 2153 nobis
1299 2086 1335 2151 in
1359 2084 1422 2151 hec

125 2192 247 2258 mundo
272 2200 509 2257 sacramentum
543 2195 688 2282 corporis
719 2202 752 2260 et
780 2193 948 2281 sanguinis
983 2194 1034 2259 sui
1066 2192 1102 2257 in
1134 2190 1325 2257 memoriam
1361 2189 1422 2257 sub

127 2298 235 2385 speeie
256 2296 350 2383 panis
374 2304 406 2360 et
426 2297 514 2381 vini,
537 2296 600 2363 hoc
620 2320 699 2365 vere
721 2297 783 2365 hae
806 2300 986 2386 scripturae
1019 2319 1085 2363 nen
1118 2295 1354 2379 demonstrant,
1387 2303 1421 2361 ut

127 2400 310 2469 antediem
328 2398 448 2487 judicii
469 2401 577 2467 redire
598 2402 741 2487 deberet,
766 2402 825 2468 sed
847 2401 936 2490 quod
960 2401 1072 2469 sedeat
1096 2400 1139 2467 ad
1162 2399 1332 2466 dexteram
1355 2400 1420 2467 Dei

128 2527 244 2592 corpus
268 2505 337 2591 ejus
360 2525 434 2569 eum
456 2507 585 2592 integra
613 2506 794 2589 substantia
810 2508 881 2595 jam
904 2505 1045 2593 gloriosa
1065 2514 1221 2595 perpetue
1244 2528 1320 2573 cum
1342 2505 1415 2571 Dei·

127 2621 192 2679 tats
214 2613 313 2692 unita,
337 2618 368 2677 et
389 2611 436 2675 ita
457 2609 662 2698 permanebit
683 2613 754 2677 sine
786 2609 947 2677 divisione
978 2619 1010 2676 et
1032 2611 1236 2698 separatione
1257 2612 1294 2677 in
1313 2619 1414 2677 aeter·

127 2739 214 2785 num
243 2714 388 2782 Ulterius
410 2736 539 2781 rursum
561 2715 746 2803 exemplum
769 2716 870 2780 sumis
891 2714 933 2781 ab
950 2713 1145 2798 Abrahamc,
1167 2715 1255 2801 quod
1278 2717 1309 2781 ei
1324 2715 1416 2783 Deus

128 2842 276 2888 sermone
298 2818 437 2885 adverso
459 2819 585 2886 loeutus
606 2819 712 2896 fuerit,
748 2818 897 2906 quodque
932 2819 1038 2885 eidem
1060 2821 1202 2885 sermoni
1235 2818 1420 2887 crediderit

127 2927 209 2992 Item
234 2925 276 2990 de
299 2924 437 3010 Virgine
459 2924 573 3007 Maria,
605 2924 691 3012 quod
714 2925 846 3011 periens
866 2925 959 3011 virgo
991 2925 1225 3012 permanserit:
1258 2922 1342 3004 Quis
1366 2921 1427 2988 de·-

126 3054 215 3097 mum
249 3031 331 3095 haec
363 3027 526 3115 negabit?
558 3037 594 3094 ut
624 3028 710 3115 quod
743 3026 801 3095 lex
821 3029 887 3095 Dei
927 3037 960 3095 et
989 3035 1219 3095 testamentum
1242 3035 1420 3104 asseverat,

127 3135 209 3202 haec
230 3136 276 3199 ita
296 3133 383 3200 facta
402 3155 469 3199 non
492 3134 565 3216 sint,
599 3133 664 3197 nisi
685 3131 780 3199 homo
804 3133 877 3199 talis
899 3133 996 3222 plane
1019 3133 1176 3201 duntone
1206 3131 1354 3199 turbatus
1390 3138 1421 3197 et

129 3238 280 3305 confusus
305 3245 400 3302 esset.
444 3236 498 3301 De
518 3235 705 3302 Abrahamo
729 3238 816 3303 enim
845 3239 1002 3326 scriptum
1033 3237 1207 3321 invenitur,
1242 3236 1328 3325 qued
1352 3258 1422 3303 cre.

128 3343 249 3410 diderit
268 3344 341 3409 Deo
366 3341 429 3408 sibi
451 3340 596 3428 loquenti
619 3349 652 3406 et
672 3341 894 3428 praecipienti,
925 3341 1011 3429 quod
1033 3340 1082 3407 illi
1103 3363 1163 3429 pro
1179 3342 1309 3430 justitia
1330 3340 1419 3407 habi·

128 3456 196 3515 tum
219 3458 251 3515 et
273 3450 420 3535 agnitum
441 3446 511 3512 tuit
555 3446 629 3513 Non
651 3447 815 3513 invenitur
844 3453 964 3530 autem,
992 3455 1028 3512 ut
1060 3446 1095 3511 in
1116 3445 1183 3511 fide
1210 3445 1337 3513 homini
1368 3453 1420 3513 aut

130 3555 200 3642 ejus
222 3551 447 3619 inventoribus
469 3573 528 3639 pro
545 3551 674 3639 justitia
695 3549 862 3617 habeatur.
906 3550 991 3616 Item
1010 3549 1053 3616 de
1082 3551 1210 3636 virgine
1231 3550 1337 3621 Maria
1357 3573 1419 3617 non

130 3658 226 3725 decet
246 3656 404 3739 dubitare,
437 3677 510 3721 cum
534 3655 694 3741 scriptura
726 3663 871 3738 testetur,
900 3654 986 3742 quod
1019 3653 1143 3743 absque
1176 3656 1302 3723 semine
1335 3653 1420 3723 uirili

130 3763 316 3848 conceperit
349 3769 382 3827 et
403 3760 574 3848 pepererit,
609 3768 706 3847 atque
736 3761 830 3846 virgo
854 3767 1090 3846 antepartum,
1121 3761 1155 3825 in
1176 3769 1272 3848 partu
1296 3770 1328 3826 et
1349 3767 1419 3850 post

129 3876 257 3954 partum
277 3867 502 3953 permanserit,
526 3864 626 3951 digna
638 3864 735 3930 laude
747 3886 845 3953 super
867 3885 979 3930 omnes
996 3874 1170 3934 creaturas.
1194 3864 1319 3946 Quivis.
1334 3867 1419 3931 enim

131 3970 324 4035 christianus
358 3970 421 4035 hoo
443 3969 576 4036 credere
595 3978 732 4047 tenetur,
755 3968 842 4056 quod
865 3992 957 4035 sacra
979 3971 1140 4057 scriptura
1161 3977 1307 4053 testatur,
1330 3992 1420 4058 pras·

135 4076 244 4139 sertim
268 4097 350 4163 quae
376 4084 450 4140 sunt
472 4074 513 4140 de
534 4082 708 4162 praecepto
731 4074 810 4142 Dei.
840 4073 978 4161 Deque
1000 4083 1109 4139 autem
1138 4074 1172 4138 in
1194 4074 1358 4161 scriptura
1376 4073 1421 4141 nil

130 4180 303 4261 invenitur,
342 4179 399 4244 sed
434 4180 542 4245 emnia
563 4187 681 4261 tacent,
717 4186 749 4243 et
769 4179 919 4267 proprius
951 4180 1106 4267 cujusque
1139 4178 1323 4244 intellectus
1358 4202 1420 4246 nen

131 4282 233 4349 solum
267 4307 332 4350 non
365 4285 526 4350 consentit
554 4283 742 4370 scripturae,
776 4283 836 4349 sed
868 4285 975 4370 potius
1012 4281 1212 4358 contradicit,
1250 4285 1324 4372 quis
1358 4307 1420 4351 non

130 4396 293 4475 agnoscet,
317 4388 403 4474 quod
423 4387 459 4451 id
471 4386 663 4452 christianus
685 4409 782 4453 verus
804 4410 869 4454 non
881 4395 1028 4453 teneatur
1050 4386 1183 4453 credere
1213 4397 1246 4452 et
1266 4390 1418 4477 recipere.

129 4493 214 4561 Nam
235 4492 335 4558 multo
358 4492 524 4557 difficilior
554 4513 607 4556 res
631 4500 689 4575 est,
723 4501 759 4557 ut
781 4492 938 4574 credatur,
977 4491 1062 4579 quod
1084 4491 1176 4558 Deus
1198 4491 1357 4567 mundum
1390 4502 1419 4560 et

130 4620 319 4685 resemnes
343 4619 386 4663 ex
406 4594 506 4663 nihilo
529 4617 640 4662 creare
662 4595 813 4682 dignatus
837 4597 888 4681 sit,
912 4618 986 4662 cum
1007 4607 1116 4662 tamur
1138 4597 1300 4684 scriptura
1320 4607 1419 4665 testa·

125 4703 230 4771 menti
251 4703 300 4777 ita
321 4700 444 4769 factum
465 4699 566 4768 fuisse
587 4707 732 4787 testetur,
755 4710 903 4770 tenemur
925 4699 1007 4770 haec
1029 4699 1163 4771 credere
1183 4702 1302 4789 magis,
1323 4725 1420 4793 quem
