2948 5040
85 336 366 404 christianitatem
388 335 651 419 consuetudines,
672 330 1023 421 dequibusjamsupra
1032 331 1136 400 melta
1145 331 1378 400 dictafnerunt

85 439 224 508 Abinde
245 434 407 530 processit¹
426 428 687 526 Norimbergam,
717 437 775 506 nbi
811 437 935 525 aliquot
966 424 1168 527 temporibus
1190 439 1379 526 permansit.

82 544 220 611 Interea
242 553 376 612 senatus
398 543 694 630 Norimbergensis,
733 541 945 623 considerans
966 543 1097 631 saepius
1118 552 1151 609 et
1170 540 1378 632 perpendens

83 650 232 716 actiones
253 649 342 715 illius
365 651 473 717 minus
494 648 696 735 laudabiles3
722 645 1377 747 61166661616611111661(6616611116

84 755 219 841 ingrata·
238 762 272 819 61
292 755 401 819 61666
422 764 560 843 accepta
579 761 706 820 tentare
727 754 847 841 coepit,
881 761 914 818 61
934 753 1022 820 16161
1042 749 1108 818 alia
1130 752 1376 819 concionatores

85 880 200 924 eorum
222 859 430 946 vituperavit,
453 881 517 946 qua
539 860 581 924 16
603 881 703 926 66666
724 867 874 947 1666616
884 858 1123 926 imminentium
1143 854 1301 923 16616166
1311 856 1377 923 Na·

82 963 262 1039 talitiorum
284 963 381 1052 hujus
404 966 482 1030 anni
505 966 576 1030 sine
599 965 687 1030 omni
709 964 848 1057 tumultu
877 965 1019 1029 citarunt
1048 961 1142 1027 illum
1169 960 1212 1027 ad
1242 963 1378 1046 curiam,

82 1075 281 1153 quaerentes
305 1089 348 1132 ex
369 1067 436 1151 illo,
460 1066 564 1155 quid?
579 1068 581 1073 ⁴
595 1075 627 1133 et
648 1062 737 1134 unde
760 1066 827 1133 sit?
867 1066 1027 1155 quidquid
1049 1069 1084 1133 in
1106 1067 1240 1132 civitate
1264 1088 1377 1132 corum

82 1169 186 1259 agat?
207 1170 252 1235 Et
273 1170 351 1236 166
373 1171 460 1237 6616
495 1173 546 1255 611,
577 1172 683 1239 166666
713 1170 839 1257 1616661,
862 1173 1035 1260 assignans
1070 1170 1227 1260 quasdam
1260 1173 1377 1237 inanes

82 1297 210 1359 causas,
233 1276 425 1362 praesertim
447 1275 655 1365 hanc,'quod
676 1262 893 1365 quaecunque
915 1276 1048 1364 patitur,
1071 1275 1154 1349 haec
1176 1276 1378 1349 66616666-

80 1381 188 1445 116661
207 1403 267 1468 616
289 1381 429 1448 lectione
453 1389 485 1448 61
505 1383 590 1470 lege,
613 1405 654 1450 66
675 1391 868 1448 1661666616
886 1381 966 1464 Dei,
988 1379 1103 1448 velans
1124 1380 1263 1468 perinde
1286 1402 1378 1446 suam

82 1483 245 1571 grandem
265 1480 434 1569 malitiam,
457 1485 501 1551 ad
521 1486 605 1552 haec
627 1486 783 1552 dixerunt
803 1485 862 1568 illi,
887 1506 922 1550 se
935 1483 1093 1552 libentius
1107 1483 1233 1569 videre,
1256 1483 1284 1550 si
1295 1483 1380 1550 alibi

82 1587 288 1659 domicilium
309 1593 491 1656 assumeret
511 1600 545 1655 et
565 1612 624 1678 pro
647 1589 788 1678 66661116
810 1610 869 1657 666
890 1591 1028 1672 viveret,
1060 1611 1157 1677 quam
1178 1591 1213 1655 in
1236 1588 1298 1655 hac
1321 1600 1378 1654 eo·

82 1715 159 1759 rum
180 1694 325 1760 civitate.
354 1694 435 1760 Post
456 1693 538 1761 hacc
561 1695 639 1761 dnm
661 1694 791 1762 illorum
813 1694 1069 1760 admonitionem
1092 1694 1187 1783 sequi
1208 1692 1377 1779 noluisset,

80 1797 244 1863 miserunt
264 1799 351 1864 intra
378 1798 503 1888 aliquot
524 1799 595 1865 dies
617 1799 834 1893 6111166111
856 1798 1073 1867 diversorium
1095 1797 1177 1863 duos
1199 1806 1376 1882 senatores,

82 1903 194 1971 eidem
214 1904 420 1989 mandantes,
443 1913 479 1970 61
489 1905 598 1973 adhue
610 1906 726 1973 eadem
749 1905 803 1972 die
828 1928 871 1971 ex
887 1902 1020 1972 civitate
1034 1902 1166 1968 illorum
1188 1909 1287 1967 exeat
1301 1909 1379 1967 ante

83 2006 164 2074 66116
187 2029 349 2073 6666666.
392 2007 526 2076 Abinde
547 2011 649 2097 igitur
670 2011 789 2076 iterum
810 2008 963 2075 discessit
996 2029 1057 2095 per
1079 2007 1143 2084 duo
1165 2004 1321 2074 milliaria
1342 2011 1378 2072 in

82 2113 251 2180 civitatem
274 2099 478 2214 Schwaboch
501 2114 633 2199 dictam,
655 2113 714 2182 ubi
728 2107 929 2211 perlongum
951 2122 1080 2199 166666
1102 2109 1302 2205 perduravit.
1323 2111 1379 2177 Ex

82 2217 147 2309 bac
169 2217 303 2285 civitate
325 2220 442 2285 iterum
465 2241 501 2285 se
534 2222 658 2308 1666611
679 2220 714 2292 16
744 2221 910 2300 civitatem
944 2217 1052 2302 aliam,
1085 2215 1243 2292 Ansbach
1273 2217 1379 2313 ,nonti-

84 2333 205 2406 natam,
229 2322 373 2411 quinque
394 2323 589 2407 milliaribus
611 2323 830 2412 Norimberga
845 2324 1005 2409 dissitam,
1028 2321 1088 2413 sub
1111 2321 1272 2409 regimine
1294 2321 1378 2410 ejus-

89 2425 160 2499 dem
183 2427 308 2493 domini
329 2429 539 2523 marchionis,
562 2428 621 2497 ubi
642 2433 858 2498 communiter
880 2429 1020 2514 residet;
1056 2428 1113 2497 ubi
1135 2429 1292 2497 deserens
1315 2433 1378 2490 sta·

88 2524 153 2597 1616
176 2531 350 2600 sacerdotii
374 2533 474 2622 elegit
496 2543 617 2601 statum
639 2536 850 2620 matrimonii,
873 2535 1170 2627 quemxassumpsit
1192 2529 1377 2599 66661531

83 2645 232 2725 tempore
253 2637 434 2705 autumnali
456 2648 532 2705 ante
553 2638 802 2721 festumsancti
813 2640 1013 2726 Weneeslai,
1033 2650 1069 2708 -et
1082 2642 1169 2729 quod
1183 2641 1258 2709 aliis
1268 2639 1379 2707 166616

82 2739 212 2826 Pragae
234 2739 500 2809 dissuadebatet
521 2742 714 2832 increpabat
734 2745 934 2832 sacerdotes,
957 2748 1013 2834 qui
1036 2768 1173 2815 uxorem
1194 2767 1379 2834 assumpse-

81 2853 170 2927 runt,
192 2845 333 2932 ipsemet
354 2868 452 2935 agere
474 2871 541 2941 non
565 2848 704 2935 erubuit,
728 2850 909 2917 66666166
930 2851 1013 2917 illud
1034 2853 1262 2941 proverbium:
1294 2851 1380 2939 fugit

82 2952 167 3018 latro
190 2950 425 3033 6116116666.
459 2955 557 3038 Quod
579 2966 689 3024 autem
712 2956 836 3031 elerum
872 2959 982 3044 alium,
1017 2961 1214 3048 praesertim
1234 2959 1378 3044 Pragen·

84 3079 155 3125 sem
188 3059 330 3149 aliquem
367 3061 543 3146 concernit,
590 3085 633 3129 ex
653 3062 717 3130 hoc
740 3064 878 3154 quidam,
895 3067 1012 3131 secuti·
1035 3073 1112 3132 sunt
1133 3068 1205 3155 ejus
1226 3063 1379 3150 vestigia,

83 3174 330 3232 contemnentes
353 3175 386 3233 et
406 3168 667 3256 inquietudinem
688 3173 724 3237 in
745 3171 867 3259 populo
882 3196 887 3203 ’
903 3179 1077 3238 causantes
1100 3180 1214 3238 contra
1234 3178 1378 3236 mentem

40 3270 52 3294 ⁶
84 3282 117 3339 61
139 3270 340 3373 1616616166
361 3276 497 3362 regiam,
543 3276 629 3342 sicut
649 3284 748 3341 antea
768 3300 790 3343 a
810 3278 969 3364 magistro
1003 3299 1062 3344 suo
1092 3276 1200 3344 edocti
1236 3275 1380 3344 1661661.

82 3378 216 3467 Interea
237 3378 370 3465 quidam
391 3379 535 3448 Jacobus
558 3382 721 3467 sacerdos,
745 3383 802 3471 qui
823 3394 898 3450 ante
920 3384 1002 3450 duos
1018 3381 1051 3450 et
1061 3382 1234 3451 dimidium
1255 3403 1379 3447 annum

82 3486 247 3573 parochus
269 3488 376 3553 166161
398 3486 450 3552 ad-
463 3485 498 3554 S.
519 3487 724 3576 Stephanum
745 3494 901 3575 majorem
915 3490 1055 3579 Pragae,
1079 3491 1136 3579 qui
1157 3489 1256 3558 ctiam
1279 3507 1379 3552 causa

81 3593 147 3660 1611
168 3596 440 3661 concremationis
473 3594 600 3663 Nicolai
634 3595 818 3681 Wtetenai,
842 3605 875 3661 et
898 3595 1027 3676 Clarae,
1073 3615 1272 3665 oeconomae
1293 3594 1376 3680 ejus,

85 3701 145 3788 qui
163 3720 223 3788 pro
244 3699 312 3767 illis
333 3724 433 3766 unum
455 3710 650 3788 argenteum
672 3725 715 3769 ex
730 3701 799 3769 illis
820 3702 956 3789 triginta
976 3712 1155 3791 receperat,
1179 3697 1381 3775 hiojoolinii

84 3806 249 3894 parochus
273 3809 466 3873 constitutus
489 3807 625 3874 dissidia
648 3816 681 3872 61
703 3808 881 3874 seditiones
918 3811 953 3875 in
975 3810 1208 3876 communitate
1231 3810 1380 3877 causavit

82 3913 267 3998 frequentia
289 3912 331 3978 ad
354 3914 544 3979 effusionem
566 3936 670 4000 usque
683 3914 861 3999 sanguinis,
884 3913 996 3987 bonos,
1011 3915 1126 4002 616166
1148 3915 1297 3981 homines
1318 3936 1379 4003 pro

83 4017 260 4085 haereticis
283 4027 316 4083 61
337 4017 522 4085 Pichhartis
545 4018 743 4104 declarans;¹
758 4018 963 4086 Oelinienses
975 4041 1054 4086 vero
1067 4019 1245 4087 directores
1259 4040 1379 4106 cogno·

84 4132 215 4191 scentes
228 4124 366 4211 grandia
378 4123 464 4190 mala
475 4124 531 4191 illo
543 4125 679 4191 authore
701 4126 938 4212 provenientia,
960 4123 1054 4192 illum
1073 4123 1127 4191 die
1150 4127 1379 4214 quadamante

82 4231 163 4298 solis
187 4252 338 4309 6666666
360 4253 403 4296 ex
424 4230 505 4297 urbe
527 4230 619 4296 abire
636 4233 816 4318 jusserunt,
839 4229 934 4298 brevi
955 4238 1031 4318 post
1053 4229 1178 4297 abitum
1200 4230 1378 4299 Ozaheraa.

170 4335 267 4401 Tales
289 4335 420 4403 1661661
441 4337 571 4404 illorum
593 4335 698 4403 bonae
712 4338 868 4421 actiones,
895 4336 1088 4404 admittente
1109 4336 1193 4416 Deo,
1217 4337 1302 4424 quod
1318 4336 1379 4404 sub

80 4441 177 4509 titulo
201 4441 375 4509 sacerdotii
408 4443 472 4510 sibi
491 4443 713 4532 judicaverint
734 4445 845 4510 omnia
866 4466 940 4530 6666
961 4444 1230 4512 11611661661616
1251 4442 1379 4519 decere,

77 4547 277 4632 nescientes,
301 4570 385 4636 quae
408 4550 499 4615 6616
529 4549 671 4616 1616166
695 4558 897 4639 exspectent,
920 4549 979 4617 ubi
990 4550 1048 4616 alii
1068 4571 1209 4636 nequam
1230 4547 1381 4613 homines

78 4655 165 4721 haec
186 4675 253 4721 non
275 4662 420 4740 agerent,
466 4675 522 4719 eos
545 4654 693 4741 puderet,
739 4663 772 4720 et
795 4657 950 4721 timerent
971 4676 1111 4743 poenam
1147 4663 1180 4718 61
1200 4651 1379 4729 vindictam

75 4760 269 4846 humanam,
293 4767 390 4847 atquc
413 4754 488 4827 suas
510 4760 721 4829 immutarent
741 4761 848 4831 malas
858 4755 1207 4830 consuetudines&⁸
1219 4774 1310 4820 vero
1325 4771 1408 4813 nen
