2948 5040
109 119 156 227 ,⁴9

108 293 252 375 decanus
274 289 433 356 allocutus
457 295 508 353 est
529 287 677 353 dominos
709 289 876 355 consules:
909 311 997 354 nunc
1031 285 1168 369 auditis,
1204 307 1277 352 cum
1299 286 1409 353 vobis-

107 418 181 462 cum
203 392 257 461 vel
279 416 353 459 cnm
376 392 606 458 communitate
638 391 700 455 hac
716 393 867 479 componi
890 402 922 456 et
943 391 1118 455 convenire
1135 388 1218 454 nolit
1224 437 1233 471 ,
1258 398 1406 454 vestrum

108 498 254 579 ihterest,
286 494 469 584 quodcum
491 492 548 559 illo
571 516 670 580 agere
692 493 811 560 velitis.
851 494 935 560 Turn
953 495 1134 579 jusserunt,
1157 501 1193 556 ut
1216 491 1407 579 egrediatur

106 621 268 669 unacum
290 596 367 681 illis,
390 599 446 686 qui
469 619 542 662 cum
565 619 604 661 eo
627 598 785 663 stiterunt.
829 596 977 662 Tandem
1000 598 1117 661 iterum
1151 595 1317 660 immissus
1349 619 1407 685 pe·

106 706 191 786 tivit,
215 712 251 768 ut
272 701 322 766 illi
343 701 500 783 faveatur,
524 708 560 765 ut
582 699 679 765 etiam
702 702 799 765 amici
822 702 892 788 ejus
907 699 1128 780 admittantur,
1151 697 1286 779 addens,
1319 697 1409 786 quod

108 806 150 872 ad
173 804 255 871 illud
276 826 432 890 magnum
461 802 659 868 desiderium
690 812 813 889 gerant
866 803 972 890 Super
1002 802 1091 891 quod
1121 801 1232 867 datum
1264 800 1313 865 illi
1344 799 1408 864 fuit

108 930 301 995 responsum
323 929 383 994 per
412 905 584 971 decanum:
621 904 807 994 Malinsky,
841 917 987 994 optarem
1019 916 1055 970 ut
1088 914 1156 971 tota
1188 905 1405 971 communitas

111 1010 408 1096 Kuttenbergensis
431 1016 539 1073 tecum
574 1018 658 1074 stare
681 1019 809 1097 posset,
843 1012 920 1098 quia
941 1019 1051 1076 autem
1082 1031 1142 1096 pro
1165 1017 1197 1073 te
1230 1007 1339 1073 nullus
1362 1006 1405 1072 de

110 1116 176 1183 fide
197 1124 253 1180 tua
273 1115 433 1178 rationem
456 1110 595 1177 reddere
617 1115 754 1198 poterit,
788 1115 852 1177 nisi
886 1122 919 1178 tu
943 1112 1049 1194 solus,
1084 1112 1158 1176 ideo
1181 1131 1317 1175 necesse
1338 1132 1407 1176 non

111 1231 169 1298 est,
191 1229 227 1284 ut
248 1227 355 1284 tecum
378 1216 433 1281 hic
456 1218 581 1281 sistant.
624 1216 717 1280 Tunc
752 1215 864 1281 consul
897 1215 1056 1281 allocutus
1093 1227 1239 1279 osteum
1263 1235 1406 1300 sequen-

103 1324 209 1391 tibus:
243 1320 429 1408 Malinslry‚
464 1342 537 1384 cnm
571 1321 768 1385 mentionem
801 1320 936 1402 feceris,
974 1320 1061 1407 quod
1094 1318 1237 1400 flexeris,
1271 1317 1403 1405 quando

104 1449 222 1514 corpus
255 1436 288 1490 et
309 1424 501 1511 sanguinem
525 1421 650 1488 Christi
684 1424 867 1511 sumpsisti,
903 1434 934 1488 et
966 1422 1006 1488 de
1041 1422 1103 1487 hoc
1136 1421 1312 1487 hodiedum
1335 1443 1405 1488 non

107 1528 229 1612 doleas,
254 1551 296 1595 ex
319 1549 382 1615 quo
405 1525 609 1612 intelligitur,
633 1527 720 1613 quod
736 1526 818 1591 illud
833 1526 942 1591 adhuc
956 1526 1059 1591 velles
1073 1525 1199 1610 facere3
1223 1524 1297 1590 ideo
1313 1547 1403 1590 nunc

102 1630 263 1714 breviter,
299 1639 332 1695 et
364 1629 474 1695 debite
507 1630 678 1717 responde.
713 1629 797 1695 Tum
831 1630 974 1696 decanus
1004 1632 1051 1695 ita
1073 1650 1147 1694 eum
1168 1629 1400 1714 interrogavit:

101 1733 263 1824 quomodo
286 1755 322 1799 se
345 1743 474 1821 gereret
496 1757 606 1800 coram
629 1744 833 1800 sacramento
868 1736 1014 1823 corporis
1038 1732 1161 1799 Christi
1184 1731 1342 1798 collocato
1366 1734 1402 1798 in

101 1839 332 1919 monstrantia,
371 1849 403 1903 et
435 1841 470 1902 in
493 1837 606 1919 altari,
642 1846 698 1902 aut
730 1847 857 1925 portato
888 1840 923 1902 in
957 1835 1177 1925 processione,
1201 1858 1274 1900 cum
1297 1858 1403 1923 aeque

104 1941 156 2007 hia
177 1941 288 2006 verbis
311 1950 520 2007 consecretur
542 1939 585 2022 id,
611 1940 698 2028 quod
720 1943 755 2005 in
771 1943 987 2006 monstrantia
1010 1939 1198 2020 collocatur,
1222 1939 1306 2003 sicut
1325 1961 1401 2004 con·

104 2056 251 2111 secratur
280 2067 339 2133 pro
374 2044 610 2108 communionis
644 2044 883 2128 distributione,
937 2050 1013 2109 item
1047 2065 1156 2109 coram
1190 2050 1404 2124 sacramento,

104 2147 192 2237 quod
213 2146 255 2212 ad
288 2146 451 2212 infirmum
484 2146 690 2234 deportatur,
725 2156 761 2211 ut
791 2148 898 2229 dicat,
931 2147 1091 2235 quomodo
1122 2144 1168 2210 ibi
1202 2166 1237 2208 se
1271 2155 1404 2230 gereret

99 2249 262 2341 (quamvis
285 2272 345 2336 ego
368 2272 446 2315 vere
468 2260 580 2315 coacte
604 2251 700 2338 eam).
723 2250 807 2315 Tum
828 2250 884 2314 ille
901 2250 1082 2336 respondit:
1106 2248 1183 2313 dum
1198 2270 1257 2313 vos
1281 2248 1403 2333 dicitis,

100 2354 187 2443 quod
222 2376 295 2419 cum
331 2366 534 2421 sacramento
570 2356 715 2442 corporis
746 2367 779 2418 et
813 2355 982 2438 sanguinis
1015 2354 1059 2419 ad
1092 2352 1256 2417 infirmum
1286 2361 1400 2419 coacte

98 2459 197 2533 eatis,
232 2459 278 2522 ita
300 2466 365 2543 est3
399 2458 487 2545 quod
517 2459 545 2522 si
567 2458 715 2523 homines
746 2456 787 2522 de
810 2456 914 2522 salute
938 2478 996 2523 sua
1029 2455 1161 2521 solliciti
1183 2465 1294 2520 essent
1317 2459 1400 2540 sani,

100 2582 167 2627 non
189 2569 276 2625 esset
297 2563 504 2626 necessarius
527 2561 570 2626 ad
593 2583 650 2627 eos
673 2582 827 2626 accessus
850 2562 884 2624 in
907 2560 1107 2642 infirmitate,
1131 2557 1190 2623 sed
1213 2563 1290 2650 quia
1305 2583 1398 2627 error

99 2674 148 2729 eat
169 2664 204 2728 in
227 2664 427 2749 hominibue;
463 2675 495 2731 et
518 2664 808 2753 quomodocunque
840 2665 934 2730 decet
958 2687 1056 2752 super
1077 2665 1158 2731 haec
1180 2667 1327 2732 breviter
1348 2688 1399 2730 re·

97 2767 275 2855 spondere,
310 2770 356 2834 ita
379 2771 462 2833 sicut
484 2778 582 2833 antea
604 2769 691 2851 dixi,
726 2768 912 2857 ubicunque
935 2770 1090 2835 insensu
1114 2768 1240 2835 Christi
1261 2770 1399 2836 Domini

96 2893 170 2937 cunr
193 2879 398 2936 sacramento
422 2873 539 2955 agitur,
563 2872 726 2936 etiamad
749 2871 913 2937 infirmum
936 2873 1109 2960 portando,
1146 2897 1211 2940 non
1234 2896 1320 2960 nego
1343 2896 1399 2941 ve·

95 2976 297 3040 ncrationem
321 2995 450 3038 ornnem
473 2973 594 3040 debere
618 2973 778 3057 exhiberi,
795 2978 871 3063 quia
890 2975 963 3040 ideo
978 2977 1157 3061 acceditur,
1181 2992 1217 3043 ut
1233 2988 1400 3067 spectetur

96 3080 239 3165 sumptio
261 3079 429 3165 utriusque
451 3080 486 3141 in
509 3080 697 3143 memoriam
721 3081 904 3144 innocentis
928 3083 1042 3146 mortis
1066 3083 1146 3169 ejus.
1191 3083 1275 3147 Tum
1309 3104 1396 3147 unns

97 3180 139 3247 dc
171 3181 342 3268 parochis,
376 3182 508 3246 nomine
529 3180 713 3246 Bohuslaus
748 3182 789 3247 de
811 3184 976 3267 Namiest,
1015 3186 1112 3251 modo
1134 3186 1242 3252 rabidi
1272 3186 1398 3275 absque

99 3306 179 3349 sana
200 3292 309 3348 mente
332 3285 499 3348 constituti
533 3283 672 3349 hominis
706 3285 808 3350 dixit:
844 3287 975 3353 domine
1008 3289 1150 3372 decane,
1184 3291 1396 3376 interrogate,

100 3386 241 3452 velletne
263 3386 419 3452 flecteret
452 3395 486 3449 at
508 3385 631 3451 domini
660 3388 777 3452 fratres
812 3389 918 3472 chari,
953 3393 980 3454 si
1008 3413 1144 3478 quorum
1167 3393 1395 3477 obliviscerer,

97 3489 271 3555 admonete
286 3511 347 3553 me.
394 3488 615 3575 Interrogavit
645 3514 722 3578 ergo
747 3515 819 3558 eum
849 3494 1002 3577 decanus,
1033 3517 1075 3559 an
1106 3496 1206 3561 vellet
1234 3496 1397 3563 flectere?

96 3592 278 3681 Respondit
299 3591 363 3675 ille,
396 3592 482 3680 quod
515 3594 589 3658 talis
612 3617 664 3660 res
695 3607 726 3661 et
748 3598 876 3662 occasio
900 3620 1066 3685 nunquam
1101 3602 1131 3664 ei
1154 3601 1327 3686 obtigerit,
1363 3609 1398 3665 et

96 3698 124 3761 ai
145 3696 358 3782 contingeret,
381 3696 467 3784 quod
490 3719 592 3785 aeque
616 3700 723 3781 sciret,
748 3721 783 3764 se
808 3703 842 3766 in
865 3701 922 3767 illa
939 3704 1036 3791 juxta
1058 3704 1165 3790 legem
1185 3705 1249 3769 Dei
1266 3726 1395 3791 gerere.

95 3799 139 3865 Et
159 3801 206 3864 ita
229 3798 388 3881 sufficiat,
422 3822 497 3864 nam
530 3802 612 3866 mihi
641 3813 794 3889 apparet,
828 3805 914 3891 quod
942 3809 1124 3893 quaestioni
1147 3819 1276 3873 vestrae
1295 3810 1397 3896 juxta

93 3902 326 3988 obligationem
358 3924 465 3967 meam
498 3905 724 3970 satisfecerim.
775 3905 847 3970 Hoc
877 3908 984 3973 adhuc
1016 3910 1159 3975 addidit:
1194 3914 1221 3975 ei
1257 3914 1392 4002 scirem,

92 4027 152 4071 vos
174 4004 255 4069 mihi
276 4005 346 4070 fore
368 4010 533 4074 nocituros
557 4009 715 4097 (inquam,
739 4032 803 4075 non
827 4011 916 4094 mihi,
941 4012 1000 4078 sed
1021 4013 1099 4078 fidei
1122 4014 1204 4100 legis
1227 4017 1393 4108 divinae),

87 4109 178 4195 juste
200 4130 254 4172 me
276 4130 430 4177 revocare
452 4134 584 4200 possem
618 4112 660 4176 ad
682 4111 979 4181 administratorem
1018 4128 1049 4181 et
1088 4128 1191 4183 totum
1227 4123 1392 4188 consisto-

91 4212 185 4293 rium,
208 4232 247 4275 ac
269 4211 311 4277 ad
332 4213 421 4297 illos,
446 4215 502 4302 qui
525 4214 567 4279 ad
591 4214 673 4280 hacc
694 4217 876 4302 pertinent3
912 4219 939 4281 si
963 4222 1035 4306 quie
1058 4224 1167 4285 mein
1190 4246 1225 4287 re
1249 4225 1392 4311 quadam

91 4314 223 4401 culpare
245 4315 354 4399 vellet,
389 4327 458 4382 tum
492 4317 612 4402 corrigi
646 4318 765 4383 vellem
795 4322 894 4407 juxta
926 4320 1032 4407 legem
1055 4324 1136 4409 Dei;
1171 4349 1236 4391 non
1271 4327 1389 4395 dubito

90 4426 199 4484 autern
222 4419 263 4484 de
286 4420 399 4502 vobis,
434 4418 521 4508 quod
555 4420 635 4485 mihi
657 4423 734 4509 quid
758 4423 836 4489 mali
869 4447 934 4491 non
957 4425 1113 4503 inferetis,
1144 4429 1260 4514 judico
1299 4436 1388 4499 enim

89 4542 149 4588 vos
172 4545 243 4588 esse
266 4526 440 4609 magistros
464 4522 546 4609 legis
577 4525 721 4608 divinae,
757 4539 789 4591 et
811 4528 960 4598 doctores
983 4535 1017 4598 in
1040 4535 1188 4600 ecclesia.
1232 4538 1387 4606 Decanue

92 4629 210 4718 inquit:
245 4627 421 4716 Malinslry,
455 4650 520 4695 non
543 4650 623 4719 opus
646 4645 696 4695 est
718 4632 915 4700 contendere
947 4658 1084 4703 mecum.
1118 4638 1276 4707 Audiunt·
1298 4645 1386 4709 enim
