2948 5040
128 362 215 424 tant
226 362 270 423 et
283 352 358 420 bem
378 352 414 418 in
427 350 523 418 nullo
543 348 767 438 obediverunt,
785 352 968 420 secundum
994 352 1232 444 deplicet-ajuro·
1238 352 1314 423 illia
1327 352 1433 437 littus

131 460 356 539 transmissas,
379 454 539 546 quomodo
551 465 750 545 serespeotu
770 457 898 525 illorum
910 457 1128 545 relegatorum
1149 480 1266 546 gerere
1285 458 1437 531 debcant

138 564 202 633 illo
223 586 302 653 ergo
316 574 470 650 tempore,
493 582 569 627 cum
589 561 713 649 priores
736 570 768 628 et
778 563 975 651 posteriores
987 561 1098 629 litores
1112 564 1221 651 regias
1241 564 1278 629 in
1303 560 1437 629 nibilum

140 671 315 753 verterint,
334 667 443 735 denuo
469 665 615 733 «loannes
637 665 771 733 Hlawoa
793 674 826 733 et
846 669 1002 754 magister
1022 666 1437 754 BrikciusinHungnrian

130 774 184 843 rad
214 794 326 862 regem
361 771 492 838 solliciti
520 771 731 859 scripserunt,
764 780 797 837 et
826 792 900 838 cum
930 772 997 837 illis
1029 772 1180 839 dominus
1212 772 1437 854 cancellarius,

131 879 291 946 dominus
313 876 468 945 'Jounnes
490 875 532 942 de
553 875 794 965 Wartomberg,
828 870 874 943 et'
893 875 950 943 alii
982 875 1024 942 de
1058 885 1143 942 statu
1165 878 1310 965 equestri
1323 876 1437 943 ··literos

136 982 342 1067 direxerunt,
375 981 416 1049 de
438 980 490 1046 hia
513 987 546 1046 et
567 979 640 1046 aliis
662 982 763 1069 regiis
786 989 819 1047 et
838 982 933 1068 regni
954 979 1213 1047 necessitatibus.
1251 981 1340 1046 'Post
1361 980 1437 1049 bueo

130 1089 294 1180 ··prinoeps
310 1087 405 1153 ‘viam
427 1083 512 1150 bano
535 1085 632 1150 etiam
654 1105 830 1172 aggressus
851 1085 921 1170 fuit,
943 1094 980 1151 ut
1001 1084 1083 1153 haec
1104 1087 1212 1151 omnia
1226 1085 1320 1174 apud
1330 1106 1437 1173 regen

134 1192 301 1283 *impedire
322 1191 426 1280 poenit
444 1188 518 1256 loco
551 1190 603 1255 sui
638 1197 671 1255 et
690 1189 913 1278 Prageneium,
947 1190 993 1256 ita
1013 1190 1156 1279 quidam,
1188 1199 1225 1256 ut
1245 1191 1347 1257 simul
1369 1212 1436 1257 cum

130 1295 412 1390 praecedentibus
433 1293 607 1361 nominatis
630 1293 715 1361 intra
735 1294 859 1383 aliquot
880 1297 1077 1383 septimanas
1098 1297 1134 1360 in
1154 1294 1330 1382 Hungaria
1349 1318 1434 1386 prae

133 1422 218 1470 faena
238 1400 348 1469 fuerit.
371 1399 554 1487 Antequam
575 1419 654 1464 vero
675 1399 828 1487 princeps
852 1421 891 1466 eo
912 1401 1131 1488 pervenisset,
1162 1398 1316 1466 turbatus·
1333 1410 1436 1467 mente

136 1507 203 1575 duit
224 1516 257 1573 et
276 1504 404 1572 Budam
425 1524 529 1592 usque
561 1522 700 1592 pergere
721 1524 787 1569 non
809 1513 860 1571 est
879 1526 988 1588 ausus,
1012 1507 1088 1592 quie
1106 1502 1436 1571 eonscientiaratione

137 1613 229 1700 regis
262 1610 384 1678 domini
407 1610 457 1675 sui
485 1607 568 1674 illud
600 1608 662 1673 iter
683 1607 855 1675 absolvere
876 1631 942 1676 non
963 1607 1164 1693 admittebat,
1188 1611 1265 1697 quie
1286 1631 1351 1676 rex
1368 1630 1433 1675 non

142 1720 214 1786 sine
227 1740 326 1785 causa
337 1735 530 1806 responsum
543 1712 586 1780 ad
598 1715 745 1803 ejusdem
758 1718 867 1784 varias
881 1716 991 1783 literas
1003 1715 1127 1782 nullum
1141 1715 1277 1798 remisit,
1301 1715 1435 1803 ideoque

142 1823 188 1890 uti
212 1821 326 1889 debuit
346 1821 528 1908 medicinis,
550 1821 584 1888 id
609 1830 660 1887 est
679 1822 754 1905 viis,
786 1823 927 1888 averiis
948 1819 1094 1904 medicis,
1116 1819 1248 1885 tandem
1269 1818 1316 1885 ab
1336 1819 1435 1884 erchi-

143 1928 297 2016 episcopo
322 1924 568 2014 Ostrogomensi
590 1925 756 1991 auxilium.
772 1946 914 2004 sumens,
937 1925 992 1992 via
1011 1946 1071 2013 per
1092 1923 1184 1990 illum
1204 1923 1293 1989 fecta
1315 1922 1435 1989 Budan

141 2031 185 2100 sd
207 2054 317 2120 regem
339 2031 481 2098 devenit.
526 2030 657 2097 Interea
689 2030 875 2096 informatio
904 2027 1014 2117 Pragn
1046 2027 1089 2094 ab
1110 2027 1268 2095 uxoribus
1292 2029 1330 2093 in
1352 2027 1435 2093 Hun-

143 2138 268 2226 gariam
290 2136 333 2204 ed
355 2156 466 2224 regam
489 2135 620 2204 devenit
633 2136 676 2202 de
687 2156 798 2202 earum
820 2134 1030 2221 relegatione,
1052 2154 1129 2200 nam
1138 2133 1255 2222 elapso
1267 2131 1435 2199 edictionis

142 2243 282 2309 termino
305 2242 490 2330 Pragensee
512 2241 618 2307 adhuc
646 2240 746 2307 elium
775 2241 948 2307 terminum
979 2239 1022 2304 od
1051 2238 1169 2305 festum
1198 2236 1433 2304 Purifioationis

142 2356 384 2431 concesserunt,
403 2355 576 2435 sperantes
590 2345 772 2432 Pregenses
784 2345 966 2435 aprincipe
981 2364 1039 2410 sno
1061 2328 1269 2430 procuratore
1289 2342 1433 2409 ex-Hm·

144 2451 387 2538 gatianoualia
408 2449 572 2535 solatioss,
603 2449 787 2517 hominibus
821 2470 900 2516 vero
922 2448 1149 2515 innocentibus
1171 2448 1333 2515 luctuosa
1377 2446 1435 2515 sat

131 2553 216 2626 ..Deo
227 2555 420 2645 disponente
442 2563 476 2620 e't
495 2553 655 2621 bonorum
676 2553 842 2620 hominum
864 2552 1025 2627 industria
1050 2553 1159 2619 omnic
1183 2551 1249 2617 illis
1271 2553 1435 2619 immutati

140 2658 289 2747 tuerent3
308 2680 373 2727 rex
394 2660 612 2726 enim'stetim
635 2660 730 2726 tertio
751 2658 824 2726 viee
846 2657 957 2725 literas
987 2656 1214 2745 Pregensibua
1248 2658 1382 2724 senatui
1409 2664 1438 2720 et

137 2762 329 2832 senioribus
350 2765 591 2832 communitatis
609 2765 722 2848 misit,
745 2763 797 2830 hin
818 2762 949 2830 verbis:

349 2868 547 2954 Ludovious,
569 2869 635 2936 Dei
656 2869 761 2956 gratia
782 2877 844 2935 etc.

96 3030 99 3037 .
229 2973 385 3060 Honesti,
415 2974 546 3059 fideles,
573 2973 700 3041 dilecti.
733 2971 861 3041 Literas
892 2970 987 3039 robis
1015 2980 1092 3038 ante
1113 2969 1273 3060 quaedam
1295 2979 1438 3060 tempora

145 3080 320 3169 praeterita
341 3083 470 3149 mittere
491 3080 617 3167 dignati
637 3079 768 3162 fuimus,
801 3076 887 3166 quod
909 3078 1026 3143 attinet
1045 3098 1201 3165 personas
1235 3082 1269 3141 et
1293 3075 1436 3142 subditus

144 3194 283 3272 nostros,
305 3187 361 3276 qui
384 3209 427 3253 ex
447 3185 599 3252 mandato
622 3193 732 3251 nostro
755 3182 796 3250 de
819 3183 952 3249 civitate
974 3182 1134 3269 Pragensi
1155 3181 1340 3264 exiverunt,
1365 3182 1434 3246 item

146 3290 233 3380 quod
255 3292 422 3357 concernit
443 3311 608 3380 personas,
641 3310 723 3376 ques
745 3287 941 3354 decivitate
971 3288 1063 3353 exire
1091 3295 1125 3353 et
1144 3285 1232 3352 bona
1253 3306 1368 3353 eorum
1391 3283 1434 3349 di·

146 3394 290 3462 vendere
318 3396 477 3484 jussistis,
510 3393 597 3484 quod
619 3414 737 3480 nempe
759 3391 844 3458 velle
867 3390 1093 3479 dignoremur,
1126 3399 1162 3459 ut
1183 3390 1270 3457 bona
1293 3413 1354 3457 sue
1375 3409 1434 3456 non

146 3499 335 3584 divendant,
357 3497 416 3565 sed
439 3518 540 3588 penes
562 3496 620 3563 illa
634 3496 737 3563 libere
748 3506 969 3584 permaneant,
993 3504 1027 3561 et
1035 3496 1093 3563 illa
1107 3492 1434 3585 possideanttemdiu,

147 3604 253 3672 donec
273 3603 356 3670 hoec
376 3612 445 3669 tota
463 3600 626 3669 dimensio
655 3600 709 3667 vel
742 3602 977 3689 compositione
1009 3601 1173 3669 amicabili
1206 3611 1262 3669 aut
1277 3602 1374 3691 justo
1389 3602 1433 3690 ju·

146 3709 233 3776 dicio
254 3708 353 3775 finem
369 3724 468 3773 suum
489 3705 698 3793 adipiscetur,
720 3713 815 3793 prout
829 3705 943 3772 literae
959 3713 1089 3772 nostrae
1110 3705 1315 3774 haecomnia
1334 3705 1434 3772 fusim

147 3811 314 3881 continent
346 3819 379 3879 et
400 3810 576 3879 declarant.
621 3809 774 3878 Delatum
795 3819 903 3878 autem
924 3809 967 3877 ad
989 3832 1049 3877 nos
1070 3810 1141 3896 fnit,
1163 3809 1250 3902 quod
1270 3832 1336 3879 nec
1357 3808 1434 3879 tate

147 3926 279 3985 nostrae
300 3916 343 3985 ad
359 3939 419 3984 vos
441 3918 650 3984 transmissae
682 3914 796 3983 literae
829 3924 862 3982 et
882 3913 1080 4000 mandatum,
1103 3937 1209 4006 neque
1231 3914 1343 3985 salvus
1365 3938 1434 3984 oon·

154 4021 283 4107 duetus,
317 4044 415 4112 quem
443 4023 563 4091 talibus
595 4020 789 4112 quibusdam
818 4022 967 4110 personis
1001 4031 1034 4089 et
1054 4020 1193 4089 subditis
1214 4024 1338 4089 nostris
1361 4022 1434 4089 dare

56 4205 59 4211 ¹
148 4127 275 4216 dignati
296 4126 426 4214 fuimns,
447 4127 536 4218 apud
556 4149 616 4196 ros
638 4124 761 4217 aliquid
785 4125 960 4210 effecerint,
988 4127 1054 4194 imo
1074 4147 1137 4194 nec
1158 4127 1351 4195 aestimatee
1372 4127 1433 4195 foe

147 4233 226 4318 rint,
248 4235 324 4322 quia
344 4233 462 4301 adhoc
483 4255 587 4323 usque
604 4240 735 4322 tempus
756 4230 800 4298 ad
820 4253 880 4298 sua
901 4229 1073 4298 bonaillae
1093 4253 1253 4320 personae
1273 4232 1433 4300 admissae

144 4360 215 4407 non
236 4337 376 4423 fuerunt,
410 4359 474 4405 nee
503 4347 615 4406 nostro
643 4335 796 4404 mandato
825 4343 859 4402 et
889 4335 979 4403 salvo
1000 4334 1162 4404 conductu
1183 4335 1354 4425 hueusque
1375 4334 1433 4406 dui

141 4451 292 4535 rpoaennt.
334 4440 405 4508 Irno
435 4440 601 4509 informati
635 4441 765 4527 inimus,
802 4439 888 4530 quod
916 4461 1003 4508 nuno
1039 4440 1137 4508 etiam
1172 4440 1333 4530 quasdem
1369 4463 1431 4509 mu·

142 4550 247 4618 llimes
279 4556 314 4615 st
339 4545 481 4615 emulum
498 4566 631 4632 uxores,
666 4546 722 4636 qui
743 4568 764 4612 a
784 4545 878 4614 vobis
912 4547 1003 4613 exire
1018 4545 1106 4633 jussi
1126 4556 1212 4631 sunt,
1241 4568 1286 4614 ex
1306 4548 1432 4615 ovina

149 4662 261 4723 nostra
295 4651 461 4739 Pragensi
495 4651 585 4719 intra
624 4659 748 4720 eertum
782 4651 937 4740 temporis
970 4651 1142 4718 terminum
1179 4652 1271 4719 exire
1298 4651 1431 4742 jusseri-

140 4758 194 4841 m,
226 4755 605 4831 uotunutennnstmm
627 4763 660 4826 at
685 4753 881 4831 nudatum
908 4755 947 4826 in
968 4753 1021 4833 his
1048 4756 1188 4845 minima
1220 4757 1431 4841 suanm
