2948 5040
1310 178 1353 267 a

55 362 140 427 citer
177 358 294 448 viginti
328 361 443 428 famuli
476 364 592 429 armati
615 363 737 429 curiam
770 369 993 450 transeuntes3
1026 365 1086 431 hos
1108 363 1186 432 dum
1207 364 1355 452 vidisset,

55 487 112 531 eos
135 465 276 553 alonge
299 487 373 533 cum
396 465 591 556 quibusdam
625 466 752 534 civibus
776 475 904 533 secutus
927 467 997 551 fuit,
1020 467 1201 554 attendens,
1225 470 1355 558 quoire

54 567 167 652 velint,
196 568 369 657 judicabat
402 572 489 636 enim
522 568 595 637 illos
629 594 701 637 esse
732 571 772 638 ab
807 571 916 660 aliquo
939 572 1126 656 conductos,
1150 582 1183 638 et
1204 575 1353 660 quamvls

55 672 178 739 milites
200 673 236 739 in
259 674 349 740 curia
371 673 531 758 habuerit,
554 697 621 741 non
643 698 741 742 ausus
761 685 869 742 tamen
891 676 952 742 fuit
972 676 1153 760 vociferari,
1170 686 1206 743 ut
1226 679 1355 761 resciat,

55 778 111 865 qui
135 774 256 843 sint'et
277 777 364 844 unde
386 780 555 866 venerint3
592 780 765 869 (potuisset
798 781 907 847 omnia
943 783 1063 848 rescire
1086 805 1160 848 cum
1182 781 1240 848 tali
1262 783 1357 872 eopia

56 880 208 965 militum,
231 902 315 968 quae
326 881 497 972 adfuerat).
508 884 597 950 Dum
620 906 698 971 ergo
715 885 822 974 judex
838 886 966 972 jamdiu
989 886 1061 954 illos
1084 886 1248 952 insecutus
1270 886 1355 952 fuis·

57 993 117 1070 set,
153 985 382 1075 disparuerunt
414 1009 537 1072 omnes,
571 997 608 1053 ut
640 1012 706 1054 non
740 991 882 1074 sciverit,
917 1013 980 1078 quo
1014 990 1214 1058 devenerint.
1260 989 1356 1071 Quod

55 1089 190 1156 tandem
207 1088 314 1177 judex
336 1092 371 1156 in
393 1094 484 1157 curia
505 1092 595 1160 urbis
618 1092 781 1182 Antiquae
804 1116 912 1160 coram
935 1117 1053 1182 magno
1075 1097 1185 1184 populi
1209 1117 1355 1178 numero,

58 1205 92 1293 et
113 1195 236 1260 civium
258 1197 455 1282 praesentia,
478 1199 532 1284 qui
555 1198 589 1263 in
612 1197 674 1265 hoc
696 1221 873 1286 congressu
884 1198 1065 1284 adfuerunt,
1088 1222 1147 1289 pro
1166 1210 1254 1266 certa
1272 1199 1365 1264 veri-¹

55 1308 124 1364 tate
147 1299 303 1383 narravit,
325 1321 392 1364 una
414 1322 487 1366 oum
510 1301 592 1387 istis,
617 1302 672 1390 qui
693 1303 770 1369 huic
800 1305 919 1370 visioni
942 1304 1123 1372 adfuerunt.
1167 1304 1234 1370 Alii
1257 1305 1353 1370 etiam

58 1405 249 1489 retulerunt,
272 1428 308 1473 se
327 1407 485 1494 quosdam
508 1406 735 1493 stipendiarios
757 1416 855 1473 noctu
868 1406 1070 1475 ambulantes
1085 1407 1219 1492 vidisse,
1232 1430 1270 1472 ac
1290 1407 1355 1473 illis

56 1509 221 1590 obviasse,
243 1509 305 1574 hoe
326 1510 547 1596 firmaverunt,
570 1511 764 1595 nescientes,
788 1511 843 1598 qui
867 1512 940 1577 sint.
971 1511 1038 1578 Alii
1057 1513 1174 1577 iterum
1191 1512 1355 1596 dixerunt,

58 1637 94 1681 se
125 1612 214 1702 apud
248 1613 335 1679 Krcu
372 1637 493 1702 pagum
528 1615 720 1682 collocatum
753 1615 876 1681 vidisse
905 1615 1061 1703 populum
1082 1637 1289 1682 numerosum
1312 1615 1355 1682 ad

59 1718 205 1808 quinque
224 1717 329 1783 millia
350 1717 383 1784 in
406 1718 564 1784 auxillum
587 1719 857 1810 Piclrhartarum3
888 1718 944 1783 alii
968 1721 1065 1784 etiam
1088 1721 1122 1784 in
1146 1720 1225 1809 Slup
1248 1720 1358 1807 copias

56 1821 181 1888 vidisse
213 1821 375 1889 dixerunt.
430 1821 475 1888 Et
508 1822 555 1888 sic
592 1822 648 1888 alii
685 1824 793 1890 varios
826 1831 976 1900 terrores,
1007 1825 1062 1910 qui
1091 1823 1218 1909 Pragae
1247 1823 1358 1889 multis

58 1925 154 2014 quasi
176 1925 212 1989 in
247 1946 361 1992 somno
394 1934 624 2014 apparuerunt,
648 1947 707 2014 pro
742 1933 830 1991 certa
866 1927 1003 1992 veritate
1036 1927 1243 2012 indicarunt3
1274 1948 1358 2014 quae

56 2030 170 2095 omnia
192 2027 234 2095 ob
251 2030 357 2118 majus
391 2028 567 2095 ludibrium
591 2032 737 2095 omittam
759 2029 937 2113 vitandum,
969 2051 1045 2095 nam
1079 2030 1147 2094 sola
1168 2031 1358 2116 imaginatio

57 2133 215 2200 causabat
237 2134 464 2201 certitudinem
486 2135 521 2200 in
544 2133 706 2200 mentibus
737 2133 922 2219 hominum,
956 2133 1053 2198 talem
1077 2135 1164 2198 enim
1186 2132 1357 2218 generosi·

57 2246 159 2304 tatem
178 2237 231 2303 his
254 2239 453 2328 temporibus
476 2238 709 2322 monstrabant,
726 2237 812 2326 quod
828 2235 976 2303 umbram
998 2237 1163 2325 propriam
1178 2237 1357 2312 timuerint,

62 2353 95 2411 et
116 2345 240 2434 dequo
270 2341 334 2410 illis
369 2342 500 2432 quidam
523 2344 557 2409 in
579 2343 755 2410 ludibrium
778 2351 810 2408 et
845 2341 1054 2408 afflictionem
1076 2343 1221 2407 notitiam
1245 2363 1357 2430 quam·

59 2450 135 2516 dam
168 2449 337 2530 dederunt,
350 2447 432 2514 illud
465 2448 601 2515 firmiter
628 2447 846 2530 crediderunt,
855 2447 1051 2534 judicantes,
1085 2445 1171 2534 quod
1205 2443 1358 2514 exomni

56 2565 151 2642 parte
162 2554 273 2620 hostes
288 2561 399 2618 contra
422 2575 457 2618 se
472 2553 614 2634 veniant,
631 2561 662 2616 et
679 2575 721 2617 ex
737 2551 786 2617 his
803 2551 876 2616 talis
892 2552 926 2614 in
941 2549 1006 2616 illis
1021 2549 1082 2615 fuit
1097 2559 1209 2635 terror,
1217 2561 1262 2638 ut,
1279 2555 1359 2643 quid

57 2659 130 2740 sint,
147 2680 215 2724 non
231 2657 394 2723 sciverint
418 2655 554 2742 Saepius
580 2656 676 2720 etiam
688 2655 760 2738 hoc,
775 2663 807 2720 et
823 2654 893 2720 aliis
910 2656 1003 2720 annis
1027 2654 1272 2741 proclamabant
1300 2683 1360 2748 per

58 2760 279 2830 civiatemde
292 2760 345 2826 die
361 2769 393 2825 et
416 2760 735 2842 noctemandantes,
757 2767 794 2824 ut
814 2759 856 2823 ad
879 2781 968 2824 arma
990 2760 1095 2844 parati
1118 2759 1191 2842 sint,
1216 2771 1248 2828 et
1269 2786 1359 2830 man·

57 2868 134 2935 dato
148 2867 235 2933 edito
248 2865 334 2954 apud
358 2865 480 2930 curiam
497 2864 620 2928 sistant.
653 2862 720 2928 Our
742 2871 849 2928 autem
873 2860 946 2926 talis
969 2862 1065 2926 timor
1086 2862 1152 2928 illis
1174 2865 1359 2948 inhaeserit,

58 2993 158 3038 causa
182 2970 344 3055 haecest3
369 2970 445 3057 quia
468 2970 681 3035 communiter
699 2977 802 3034 terror·
813 2965 939 3032 invadit
959 2964 1061 3043 illum,
1076 2968 1132 3053 qui
1152 2968 1258 3035 malae
1281 2994 1359 3038 con·

58 3075 216 3141 scientiae
230 3081 287 3158 est,
300 3072 447 3161 adeoque
458 3073 590 3160 propria
603 3071 801 3138 conscientia
823 3070 896 3136 illos
913 3068 1128 3152 remordebat,
1142 3073 1218 3157 quia
1230 3073 1360 3142 fuerunt

58 3202 158 3246 eausa
176 3177 256 3243 mali
278 3176 439 3266 principii,
463 3176 691 3264 aggredientes
714 3177 834 3264 injuste
857 3197 931 3241 suos
955 3175 1107 3263 concives
1130 3175 1211 3241 nihil
1233 3177 1358 3245 eisdem

58 3282 238 3373 probando,
262 3291 294 3348 et
316 3280 464 3369 qualibus
488 3280 627 3365 insidiis,
650 3283 682 3346 in
708 3280 825 3369 quibus
848 3280 995 3345 homines
1018 3278 1146 3344 illarum
1169 3279 1274 3364 inscii,
1297 3304 1359 3350 neo

59 3410 168 3476 opere,
192 3408 300 3475 neque
324 3385 461 3451 oonsilio
479 3387 599 3473 juvare
621 3385 763 3451 invicem
785 3391 968 3473 potuerunt,
991 3381 1095 3447 donec
1118 3383 1169 3448 vis
1189 3383 1357 3452 adfuisset.

59 3492 268 3580 Quapropter
290 3489 490 3555 conscientia
513 3490 586 3554 talis
604 3491 675 3577 jam
698 3487 1008 3574 dictaPragensium
1031 3488 1173 3574 quietem
1190 3490 1359 3576 acquirere

58 3618 125 3661 non
147 3595 262 3683 potuit,
286 3593 344 3660 sed
366 3593 464 3681 plena
496 3593 621 3659 malitia
654 3604 687 3659 et
707 3593 865 3683 injustitia
888 3590 1121 3659 effervescebat
1141 3591 1176 3655 in
1198 3592 1263 3657 illis
1287 3593 1358 3660 sinc

59 3697 308 3782 intermissione,
332 3699 378 3763 ita
400 3696 487 3785 quod
509 3697 574 3762 illis
598 3697 750 3763 continuo
773 3697 967 3784 apparuerit,
1002 3717 1037 3760 se
1060 3693 1183 3761 habere
1206 3699 1356 3766 exomni

58 3812 152 3890 parte
175 3802 334 3885 inimicos,
357 3800 413 3866 ubi
436 3809 545 3866 tamen
568 3799 650 3866 nihil
673 3800 762 3866 reale
784 3800 853 3865 fuit.
898 3801 960 3864 Pro
994 3798 1045 3863 his
1069 3798 1219 3866 omnibus
1242 3810 1353 3889 aptum

62 3922 112 3976 est
135 3911 259 3976 dictum
284 3919 315 3975 et
337 3910 498 3974 sententia
531 3906 705 3972 Ciceronis·
729 3906 763 3968 in
786 3903 879 3970 libris
914 3902 955 3967 de
989 3901 1113 3987 officiis,
1139 3904 1354 3974 ubidicitur:

60 4016 116 4103 qui
138 4017 292 4080 timentur
326 4013 367 4079 ab
398 4009 594 4092 hominibus,
619 4009 715 4075 etiam
738 4008 786 4073 illi
809 4015 960 4073 econtra
981 4004 1054 4070 illos
1076 4011 1190 4075 timere
1213 4009 1356 4100 debent;

40 4121 201 4208 ideoque
224 4119 332 4184 statim
354 4141 373 4182 a
396 4117 556 4206 principio
580 4116 675 4203 hujus
692 4113 847 4179 tumultus
866 4109 1084 4199 impleverunt
1107 4114 1220 4180 ambas
1237 4117 1355 4201 curias,

59 4245 179 4312 nempe
215 4222 379 4311 Antiquae
403 4231 434 4287 et
455 4222 569 4287 Novae
592 4220 733 4286 civitatis
765 4215 921 4282 militibus
945 4215 1162 4303 stipendiariis
1182 4219 1217 4283 in
1238 4242 1358 4308 magno

58 4351 196 4394 numero
219 4329 254 4393 in
277 4336 369 4415 perte
392 4337 458 4391 tam
481 4326 649 4414 superiori,
673 4347 770 4411 quam
793 4322 939 4389 inferiori
955 4346 1010 4389 eos
1026 4323 1241 4411 collocantes3
1265 4346 1360 4412 prae·

59 4444 150 4499 terea
173 4430 318 4519 qualibet
339 4441 435 4497 nocte
469 4431 599 4516 vigilias
623 4429 656 4493 in
678 4429 795 4516 plateis
828 4430 1075 4513 constituerunt,
1116 4434 1209 4516 quasi
1231 4425 1359 4495 obsidio

59 4538 206 4606 civitatis
229 4536 323 4621 foret,
347 4540 499 4602 timentes
521 4533 632 4600 follem
654 4534 802 4599 inflatum
823 4535 857 4599 in
870 4533 994 4620 grande
1006 4533 1160 4598 damnum
1185 4533 1360 4598 communi.

59 4645 134 4709 tatis
158 4641 265 4731 hujus.
308 4641 397 4707 Dum
419 4642 529 4727 itaque
553 4661 595 4704 ex
618 4661 681 4703 uno
698 4639 934 4705 oblectamento
950 4637 1103 4726 (scilicet)
1120 4639 1155 4703 in
1177 4635 1358 4702 aliudruis·

59 4757 141 4834 sent,
166 4769 212 4815 ex
233 4746 373 4835 quadam
396 4745 529 4812 licentia
552 4747 651 4833 regia,
676 4765 772 4834 quam
803 4766 839 4811 se
862 4741 1174 4812 dieebanthabere
1195 4738 1243 4804 ob
1265 4754 1391 4800 aarum

1112 4846 1159 4913 ἢῆ
