2948 5040
1289 148 1353 225 196

51 327 213 419 Budensi,
227 382 231 389 .
246 327 298 395 bi's
320 325 509 395 excessibus
531 328 682 415 peractis,
700 344 825 392 rursus
849 347 885 391 se
906 348 950 393 ex
971 346 1075 412 regno
1095 323 1287 412 Hungsriae
1307 326 1348 391 ed

53 433 177 499 limites
197 453 301 520 usque
322 454 398 499 suos
426 434 623 499 retraxerint
639 440 676 498 et
696 430 884 514 rediveriut,
907 439 941 497 et
961 431 1028 497 suis
1044 432 1149 519 copiis
1159 428 1246 495 mala
1259 427 1350 495 nulla

52 537 187 604 inferre-
199 537 413 605 admiserint·
432 537 526 603 'Punc
546 539 645 604 etiam
666 539 756 604 cives
777 537 957 621 Budenses,
992 537 1048 626 qui
1079 544 1176 603 antea
1205 557 1255 602 exe
1269 534 1352 602 urbe

55 650 273 727 recesserunt,
301 643 399 732 paulo
421 651 495 730 post
515 644 640 713 reversi
662 643 802 727 inerunt,
840 642 936 708 etde
958 664 1043 709 novo
1064 641 1288 725 aedificarunt,
1322 647 1377 706 et¹

55 746 208 813 aedificia
243 768 304 815 sua
323 756 595 816 restauraverunt
630 749 807 816 Praeterea
836 750 934 815 etiam
966 748 1118 835 Hungari
1151 743 1353 814 neoeleotum

56 873 153 918 sunm
159 874 273 938 regern
280 852 442 921 Joannem
451 853 619 935 stefanum
628 856 663 920 in
686 863 792 921 castro
807 854 930 921 ibidem
940 854 976 921 in
989 852 1100 941 sedem
1115 853 1240 939 regiam
1256 846 1363 921 collo-³

56 964 225 1041 caverunt,
248 958 320 1023 sine
341 959 429 1024 omni
449 959 683 1047 impedimento
716 960 894 1041 ettimore
1133 1042 1137 1053 1

144 1060 284 1127 Bohemi
306 1083 383 1150 orgo
405 1070 483 1130 tnnc
506 1062 648 1152 quidam,
670 1064 863 1152 praesertim
884 1061 1029 1151 primarii
1053 1070 1086 1127 et
1101 1060 1233 1151 jndices
1248 1070 1356 1127 terrae

57 1186 135 1237 curn
168 1166 235 1231 suis
268 1167 504 1237 confoederatis
527 1167 616 1234 domi
648 1177 906 1257 permanserunt,
938 1168 1009 1254 regi
1041 1166 1166 1233 nullum
1198 1164 1356 1243 auxilium

57 1268 265 1358 praebentes,
300 1280 376 1360 post
407 1281 456 1339 tot
477 1271 624 1362 ejusdem
646 1272 799 1339 mandata
818 1295 893 1340 nun·
908 1272 1022 1355 solum,
1058 1292 1172 1338 verum
1195 1273 1292 1336 etiam
1313 1269 1357 1335 ad

58 1373 208 1463 ejusdem
229 1376 437 1443 inconsuetas
458 1377 689 1467 lacrymabiles
711 1379 895 1466 petitiones,
930 1375 987 1442 ubi
1017 1384 1128 1442 tamen
1147 1396 1260 1440 omnes
1289 1383 1356 1440 tres

59 1487 165 1545 status
187 1477 248 1546 sub
269 1481 482 1573 inscriptione
502 1483 538 1548 in
560 1482 678 1548 tabulis
699 1484 801 1570 regiis
824 1491 857 1547 et
878 1483 972 1568 regni
996 1502 1032 1545 se
1054 1478 1295 1565 obstringentes
1307 1479 1357 1544 in

59 1583 202 1649 comitiis
223 1584 259 1649 in
281 1583 335 1651 die
357 1583 391 1651 S.
414 1584 578 1652 Vinoentii
601 1608 687 1653 anno
711 1588 796 1655 1523
818 1585 939 1652 habitis
959 1586 994 1651 in
1016 1584 1206 1672 praesentia·
1222 1580 1357 1670 regisiu

57 1708 137 1755 arce
158 1687 317 1774 Pragensi
339 1690 567 1776 promiserunt,
604 1689 692 1778 quud
715 1690 821 1756 eidem
842 1688 967 1756 auxilio
983 1696 1104 1754 contra
1123 1685 1264 1765 'furcam
1287 1708 1360 1753 suc-

59 1812 192 1859 currere
212 1791 382 1870 velintet
401 1792 489 1882 quod
511 1795 540 1860 si
561 1794 596 1860 id
617 1817 683 1860 non
706 1795 870 1861 sufficeret
903 1802 936 1859 et
956 1792 1064 1858 Turca
1078 1789 1288 1877 'Hungariam
1310 1792 1359 1858 in-

60 1896 262 1984 grederetur,
295 1896 382 1984 quod
408 1896 498 1965 nullo
531 1898 628 1965 modo
661 1919 774 1985 regem
796 1897 950 1964 deserere
969 1897 1085 1978 velint,
1120 1896 1178 1961 sed
1199 1896 1359 1963 auxilium
1387 1972 1391 1980 ,
1435 1976 1439 1983 1

60 2001 169 2069 eidem
190 2002 281 2067 omni
301 2001 399 2069 modo
421 2001 571 2091 possibili
593 2003 810 2093 suppeditare,
845 2011 956 2090 utpote
989 1992 1101 2067 eontra
1132 2001 1210 2067 fidei
1232 2001 1365 2067 christi.

58 2105 343 2174 anaeinimicum.
377 2107 421 2173 Et
445 2107 595 2194 quamvis
617 2118 774 2197 appareat
806 2108 973 2174 dominum
994 2108 1074 2174 Lew
1096 2127 1171 2173 cum
1194 2104 1266 2171 aliis
1290 2104 1358 2170 suis

57 2209 318 2287 adhaerentibus
343 2220 375 2276 et
395 2210 617 2298 Pragensibus
638 2235 675 2279 se
691 2213 891 2280 sufficienter
902 2232 1090 2291 excusase,
1114 2218 1307 2277 revocantes
1326 2230 1363 2274 se

57 2315 106 2382 ad
129 2317 259 2383 comitia
279 2317 315 2383 in
347 2316 399 2383 his
421 2316 559 2404 agendis
581 2318 760 2386 secundum
782 2328 890 2386 terrae
912 2326 1032 2384 statuta
1064 2324 1098 2384 et
1127 2314 1361 2383 ordinationes.

61 2418 149 2485 Cum
169 2438 251 2487 sero·
264 2429 332 2495 tam
354 2443 474 2510 magna
495 2420 683 2491 necessitas
696 2422 828 2490 domino
848 2422 1110 2510 regiobvenerit,
1122 2422 1220 2511 quod
1233 2422 1363 2495 uncae:

60 2525 227 2611 inopinate
247 2525 376 2592 Budam
397 2529 656 2616 properaverint,
690 2529 778 2613 omni
799 2526 897 2593 modo
920 2548 1110 2594 succurrere
1131 2528 1202 2616 regi
1231 2534 1362 2616 oportu-

57 2629 159 2714 isset;
191 2652 344 2719 proceres
367 2630 508 2718 quidem,
545 2634 678 2721 equites
694 2641 726 2698 et
748 2641 850 2698 status
873 2632 979 2699 civilis
1004 2631 1166 2720 (exceptis
1189 2630 1362 2718 Pragensi·

60 2732 151 2822 bus),
174 2732 230 2821 qui
247 2735 345 2822 juxta
365 2735 554 2803 mandatum
578 2736 700 2803 domini
723 2738 773 2803 sui
795 2735 916 2804 Oolinii
938 2745 1166 2814 convenerant,
1200 2737 1235 2800 iu
1268 2734 1365 2801 dissi·

58 2836 125 2905 diis
147 2839 276 2925 magnis
300 2861 373 2907 cum
393 2839 524 2909 domino
546 2840 629 2909 Low
650 2850 685 2907 et
722 2843 792 2929 ejus
812 2839 1063 2907 adhaerentibus
1100 2861 1140 2905 ac
1173 2862 1247 2906 eum
1280 2840 1361 2905 Pra-

61 2941 220 3030 gentibus
242 2945 430 3029 existentes,
452 2946 572 3034 quihus
594 2944 744 3012 omnibus
766 2945 951 3035 pertinebat
972 2944 1096 3014 ibidem
1127 2947 1361 3013 conuenire-'in

61 3048 205 3121 mutuis
227 3047 378 3135 publicis,
403 3059 436 3117 et
457 3072 497 3117 eo
520 3073 555 3117 se
577 3072 745 3128 revocare,
769 3051 853 3117 sicut
874 3049 957 3117 eliis.
980 3048 1055 3115 Jam
1078 3071 1158 3115 vero
1180 3049 1230 3114 illi
1251 3051 1286 3114 in
1310 3049 1365 3114 dio

60 3150 95 3218 S
120 3151 155 3220 S.
177 3152 267 3219 Petri
289 3163 322 3220 et
342 3154 436 3222 Pauli
458 3155 502 3221 ad
523 3154 713 3223 mandatum
742 3156 869 3241 regium
904 3176 1017 3220 omnes
1041 3154 1162 3220 Colinii
1195 3144 1367 3221 convene?

61 3259 308 3336 mastinos
329 3281 366 3325 se
387 3269 534 3347 egerant,
557 3269 594 3327 ut
613 3259 740 3327 nullrnn
764 3268 992 3348 exspectantes
1009 3259 1218 3342 satisfaciant,
1241 3267 1275 3324 et
1292 3255 1363 3343 regi

60 3362 222 3429 auxilium
244 3363 398 3447 tribuant,
421 3373 518 3452 prout
540 3366 647 3448 etiam,
671 3372 843 3453 postquam
864 3386 925 3429 rex
939 3362 1005 3429 iuis
1020 3362 1361 3429 omnibus-terminum

63 3467 101 3533 in
122 3465 178 3533 die
200 3467 234 3535 S.
256 3467 485 3556 Margarethae
505 3469 549 3535 so
571 3468 813 3558 procedendum
835 3470 1046 3555 assignasset,
1063 3468 1163 3556 juxta
1184 3467 1245 3533 hoo
1269 3490 1363 3533 man·

63 3569 178 3639 datum
199 3573 270 3639 sine
293 3572 450 3640 diletione
470 3573 558 3639 viam
579 3576 729 3661 aggressi
751 3582 841 3660 sunt,
864 3581 977 3639 notum
1000 3574 1098 3638 etiam
1122 3581 1180 3654 est,
1204 3573 1290 3661 quod
1303 3572 1363 3638 do-

62 3677 173 3753 minus
194 3676 273 3744 Lew
294 3700 368 3745 cum
407 3678 559 3745 omnibus
593 3680 662 3744 suis
695 3677 949 3746 adhaerentibus
980 3676 1087 3742 nullos
1120 3686 1299 3744 conventus
1319 3677 1364 3743 ad

63 3779 148 3849 haec
168 3782 298 3868 agenda
320 3783 557 3865 celebraverit,
591 3782 677 3872 quod
700 3792 809 3851 tamen
830 3782 943 3849 debite
964 3805 1063 3866 agere
1084 3780 1284 3867 debuissent,
1321 3784 1368 3849 si··

29 3890 33 3899 '
64 3894 121 3957 cut
142 3887 210 3972 egit
230 3910 307 3975 pars
328 3888 393 3954 illis
417 3889 588 3971 contraria,
611 3910 729 3977 nempe
751 3889 809 3977 qui
835 3887 963 3955 Colinio
985 3895 1187 3954 revertentes
1208 3888 1364 3975 procede·

63 3987 167 4074 bant3
188 3992 254 4057 imo
275 3991 325 4057 illi
345 4014 454 4080 neque
475 3992 633 4059 auxilium
666 3993 828 4081 quoddam
850 3992 1041 4060 tribuerunt.
1072 3991 1156 4058 Nam
1181 3992 1371 4080 Prngenses·

66 4090 251 4181 dequibus
286 4094 408 4162 dictum
430 4095 498 4179 furit,
535 4096 613 4163 licet
644 4095 726 4163 alios
754 4096 797 4163 ad
826 4095 1068 4185 expeditionem
1103 4098 1206 4162 secuti
1232 4097 1364 4183 fuerint,

65 4206 192 4273 tantum
225 4209 335 4267 tamen
368 4201 554 4285 effecerunt,
592 4202 686 4289 quasi
707 4200 795 4267 domi
817 4202 1083 4289 permansissent,
1121 4209 1272 4287 excepto.
1291 4203 1363 4288 hoo,

68 4303 155 4392 quod
175 4312 287 4381 ‚tamur
310 4304 469 4392 quaedam
492 4304 652 4373 debonis
674 4306 742 4378 suis
765 4307 799 4377 in
822 4305 884 4374 hao
905 4307 960 4375 via
974 4304 1164 4394 impendere
1181 4305 1363 4392 debuerint,

63 4408 123 4475 sed
144 4409 309 4477 incessum
331 4409 403 4477 sine
424 4408 519 4485 omni,
534 4409 683 4477 utilitate.
836 4476 839 4480 .

150 4513 195 4589 Et
214 4516 299 4581 mira
318 4536 372 4581 res
396 4523 457 4591 est,
480 4514 566 4601 quod
587 4515 674 4583 intra
697 4521 836 4602 quatuor
857 4517 1057 4603 septimanas
1079 4524 1112 4578 et
1133 4524 1272 4602 quatuor
1294 4514 1363 4579 dies

63 4627 140 4687 ante
161 4619 334 4707 praelium,
354 4640 474 4704 nempe
493 4640 516 4682 a
537 4618 592 4685 die
612 4619 781 4703 Sabbathi,
805 4629 919 4709 quarta
941 4621 994 4685 dic
1016 4627 1091 4706 post
1115 4619 1149 4685 S.
1171 4618 1287 4686 Jacobi
1301 4619 1364 4686 fee-

63 4733 144 4811 tnm,
166 4746 272 4812 usque
293 4722 336 4793 ad
357 4723 445 4803 diem
467 4721 500 4790 S.
523 4722 680 4817 Jchannis
700 4723 901 4799 numerando
925 4747 994 4793 non
1011 4725 1187 4860 potuerint?
1205 4723 1387 4802 abnegem

1112 4825 1167 4891 hb
