2948 5040
87 133 153 211 850

87 307 149 375 soli
172 306 339 383 darenen
359 306 486 396 possint
506 333 620 380 secure
640 333 701 402 pro
722 332 767 394 se,
801 332 864 380 nec
885 333 944 401 pro
965 311 1041 398 illis,
1074 310 1161 400 quod
1182 312 1285 379 otiam
1305 310 1374 396 qui-

89 410 171 487 dam,
187 409 294 478 adhuc
325 408 369 477 de
397 410 483 483 clero
504 415 652 483 homines
685 416 823 481 incitent
842 416 877 481 in
911 416 1068 495 ecclesiis,
1099 423 1137 483 ut
1166 435 1375 503 nequaquam

87 515 337 583 transactionem
358 517 470 584 ineant
490 540 565 586 cum
585 526 678 608 parte
710 517 857 603 adversa,
886 518 945 586 sed
965 521 1058 586 utin
1078 519 1129 586 his
1150 527 1376 608 perseverent,

92 641 175 707 quae
195 619 282 685 inter
302 641 337 686 se
358 622 585 709 promiserunt,
608 629 797 706 statuerunt,
820 623 908 689 etin
929 621 1021 691 libris
1042 623 1263 692 firmaverunt.
1284 621 1381 693 Ulca.

84 728 153 793 rius
173 722 418 815 respondentes,
440 749 514 796 cum
535 748 596 794 rex
617 735 714 795 antea
736 727 864 794 dederit
874 726 1001 795 salvum
1022 726 1218 807 conductum
1241 725 1378 799 domino

86 831 219 899 Hlawsa
240 839 273 896 et
293 831 448 916 magistro
462 831 658 898 Wencesluo
672 854 732 921 pro
753 831 878 918 aliquot
892 832 1090 921 septimanis,
1112 841 1145 901 et
1161 834 1261 922 juxta
1282 829 1378 897 illum

91 933 425 1021 conservatifuerint,
448 934 534 1024 quod
556 937 585 1001 si
607 937 813 1002 etiamnunc
832 935 914 1002 haec
935 935 1085 1003 voluntas
1105 938 1194 1023 regis
1217 943 1321 1018 esset,
1344 957 1382 1002 se

21 1114 23 1118 ,
87 1039 173 1109 velle
193 1039 229 1105 in
255 1037 406 1105 omnibus
438 1039 636 1106 satisfacere.
680 1039 742 1105 His
764 1038 860 1118 dictis
893 1039 935 1105 ab
968 1041 1114 1121 invicem,
1143 1038 1377 1126 decesserunt,

90 1166 174 1234 quae
195 1143 304 1210 omnia
325 1143 397 1221 siue
416 1164 508 1209 mora
528 1143 571 1210 ad
599 1165 712 1231 regem
733 1142 841 1213 delata
869 1143 1007 1212 fiuenmt.
1049 1144 1114 1211 Hic
1139 1148 1210 1236 jam
1240 1147 1377 1231 agnosci

87 1255 205 1339 petest,
229 1246 317 1337 quod
337 1245 465 1313 facilior
486 1269 638 1314 accessus
667 1248 710 1314 ad
732 1250 1017 1337 compunctionem
1048 1249 1256 1341 amicabilem
1276 1271 1377 1338 appa·

87 1353 198 1436 ruerit,
222 1371 319 1439 quam
341 1359 447 1436 antea,
477 1351 664 1440 etquidem
686 1375 726 1418 ex
746 1375 904 1442 responso
926 1353 1139 1441 Pragensium
1159 1353 1279 1420 leniori
1303 1352 1378 1420 dato

89 1456 131 1524 ab
152 1456 213 1540 his,
236 1477 333 1544 quam
354 1477 375 1522 a
396 1455 568 1545 prioribus,
591 1479 710 1546 nempe
731 1480 753 1524 a
773 1457 899 1524 Passek
922 1480 996 1527 cum
1018 1461 1117 1525 sociis
1138 1460 1218 1543 suis,
1241 1480 1379 1541 quorum

88 1565 239 1655 pertinax
260 1582 453 1650 responsum
486 1560 556 1644 fuit,
580 1567 612 1625 et
641 1582 706 1627 non
739 1569 863 1627 tantum
896 1563 980 1650 parti
1012 1560 1170 1630 adversae
1201 1564 1382 1648 ingratum,

90 1693 204 1738 verum
225 1667 326 1733 multo
358 1667 463 1753 magis
485 1665 616 1732 domino
646 1687 704 1731 suo
734 1666 805 1752 regi
826 1668 1041 1754 inacceptum.
1084 1666 1239 1754 Attamen
1271 1665 1383 1735 adhuc

88 1774 150 1841 hoc
171 1793 361 1861 responsum
375 1771 591 1858 Pragensium
613 1770 648 1836 in
669 1769 809 1858 quodam
848 1792 965 1856 magno
986 1769 1072 1836 nodo
1094 1771 1208 1854 haesit,
1231 1769 1315 1836 dnm
1336 1769 1383 1834 di·

88 1885 215 1962 xerunt,
238 1875 324 1965 quod
347 1876 418 1942 sine
440 1877 671 1942 communitate
693 1874 775 1940 nihil
798 1897 896 1962 agere
917 1877 1054 1962 possint,
1076 1874 1256 1942 ubitamen
1277 1875 1382 1941 ferme

90 1987 159 2048 tota
179 1981 393 2053 communitas
417 2002 491 2046 cum
514 1980 628 2047 solatio
650 1978 866 2064 desiderabat,
896 1987 933 2044 ut
948 1980 1019 2067 jum
1041 1979 1171 2046 tandem
1192 1979 1308 2045 omnia
1329 2002 1381 2066 pa·

91 2085 183 2154 cifice
201 2094 449 2172 componantur,
483 2106 549 2150 non
572 2084 738 2171 denegans
768 2085 853 2149 inter
876 2105 912 2148 se
935 2082 1206 2151 cohabitationem
1238 2083 1382 2152 exulum.

92 2192 198 2263 Causa
219 2212 296 2257 vero
319 2190 416 2279 hujus
443 2190 478 2256 in
506 2188 591 2254 nodo
621 2188 783 2255 haesicnis
814 2210 873 2253 seu
901 2187 1166 2254 contradictionis
1194 2186 1281 2252 haec
1314 2188 1382 2272 finit,

92 2297 168 2385 quia
188 2295 296 2363 adhuc
316 2294 476 2383 quaedam
498 2292 616 2360 acredo
645 2293 763 2380 prioris
785 2291 891 2357 malae
912 2313 1010 2357 aurae
1039 2290 1218 2357 interillos
1240 2291 1383 2363 haesita·

91 2400 165 2480 bat3
188 2398 376 2489 hypocrisis
394 2400 480 2465 enim
501 2397 609 2464 adhue
630 2397 739 2486 aliqua
772 2395 992 2463 occultabatur
1024 2397 1108 2461 inter
1130 2394 1292 2483 quasdam
1315 2419 1383 2486 per·

93 2527 200 2590 sonas,
222 2513 319 2593 prout
342 2503 383 2569 de
395 2503 457 2570 hoc
471 2496 586 2591 postea
598 2503 733 2569 dicetur.
758 2501 841 2589 Spes
864 2509 974 2567 tamen
989 2502 1060 2591 jum
1081 2500 1151 2584 fuit,
1174 2500 1264 2588 quod
1281 2501 1380 2568 nodus

92 2610 149 2679 ille
170 2609 350 2676 auxiliante
372 2607 445 2674 Deo
468 2608 561 2675 brevi
579 2607 788 2700 dissolvetur.
825 2607 910 2673 Nam
932 2605 1094 2694 speranda
1111 2607 1182 2693 jam
1204 2606 1309 2672 citius
1328 2605 1379 2671 fuit

93 2716 185 2806 quies
208 2723 240 2781 et
260 2737 337 2802 pax,
360 2736 457 2802 quam
479 2713 562 2779 alias
584 2712 690 2802 fuerit,
722 2734 795 2778 cum
818 2733 860 2776 ex
889 2719 981 2800 parte
1013 2712 1101 2796 regis
1130 2711 1201 2797 jam
1223 2709 1313 2776 nihil
1334 2709 1383 2776 de-

93 2822 201 2914 fuerit,
224 2818 331 2885 dantis
354 2841 414 2906 per
443 2817 554 2884 literas
588 2839 663 2883 suas
685 2839 889 2899 consensum,
922 2824 957 2881 ut
989 2823 1134 2902 tempore
1157 2795 1386 2880 ’natalitiorum

94 2929 273 2994 futurorum
296 2923 523 2990 communitas
539 2929 744 3018 convocetur,
779 2933 812 2986 et
844 2920 1056 3008 comportatio
1085 2916 1268 2995 amicabilis
1293 2919 1385 2984 insti·

95 3042 203 3107 tuetur
223 3053 283 3120 per
305 3030 542 3100 commissarios
564 3036 661 3095 antea
681 3028 873 3093 nominatos.

513 3259 516 3263 ·
615 3218 772 3299 ιΟΑΡΠΤ
794 3218 847 3286 25.

96 3424 136 3483 In
158 3441 217 3500 quo
239 3422 419 3494 insinuatur,
444 3421 523 3497 quod
544 3438 598 3478 rex
620 3417 806 3476 admonuerit
828 3417 995 3494 Pragenses
1009 3412 1130 3473 Veteris
1154 3420 1184 3471 et
1205 3411 1319 3470 Novae
1340 3431 1385 3470 ur-

96 3511 152 3584 bis,
166 3517 208 3569 'ut
228 3504 501 3568 reconciliationem
523 3525 589 3565 cum
623 3506 763 3564 exulibus
785 3505 894 3577 ineant,
918 3509 947 3560 et
969 3509 1095 3577 quatuor
1111 3498 1260 3578 'personis
1285 3498 1386 3556 salvus

96 3597 259 3657 conductus
282 3597 376 3666 detur,
410 3595 463 3670 qui
484 3595 550 3653 loco
572 3593 703 3652 omnium
725 3592 906 3668 reliquorum
939 3590 976 3646 de
1005 3603 1083 3666 pace
1101 3593 1202 3664 agant,
1248 3585 1388 3644 Tandem

97 3683 194 3762 qualis
216 3683 294 3743 visio
315 3681 347 3740 in
380 3680 509 3740 nubibus
539 3681 690 3756 signorum
720 3678 904 3755 quorundam
937 3675 1027 3734 luerit
1055 3678 1093 3735 ab
1125 3672 1297 3733 hominibus
1321 3691 1388 3730 con·

97 3778 209 3848 specta.
250 3770 328 3829 Item
361 3770 479 3844 quando
511 3769 614 3827 exules
644 3768 778 3843 Pragam
810 3771 965 3837 venerunt,
999 3764 1080 3840 quod
1112 3761 1178 3820 illos
1213 3759 1386 3818 sacerdotes

100 3855 432 3930 excommunicaverint,
467 3863 496 3916 et
518 3848 716 3931 quomodo'hi
739 3840 874 3928 quatuor
894 3851 1009 3927 salvum
1039 3851 1218 3910 conductum
1240 3848 1385 3905 habentes

519 3943 556 4000 de
577 3939 816 4001 reconciliatione
838 3937 961 4016 egerint.

144 4134 148 4141 ·
182 4093 270 4159 Dum
291 4094 401 4181 itaque
423 4093 532 4157 omnia
553 4092 589 4156 in
609 4089 709 4155 dubio
731 4089 838 4155 adhuc
873 4088 1054 4170 haererent,
1075 4085 1261 4171 Pragenses
1285 4092 1387 4149 orato·

96 4220 150 4263 res
176 4220 250 4263 suos
272 4196 314 4263 ad
336 4219 449 4282 regem
470 4196 628 4259 miserunt
656 4195 743 4258 circa
773 4203 903 4280 tempus
924 4191 1150 4256 Natalitiorum
1180 4188 1223 4254 ad
1256 4190 1386 4263 initium

94 4306 164 4392 jum
187 4304 265 4367 anni
289 4302 382 4385 1529,
404 4300 462 4366 ubi
482 4321 543 4364 rex
554 4301 639 4365 inter
661 4296 726 4363 alia
747 4295 967 4385 Pragensibus
980 4294 1111 4384 scripsit
1124 4293 1388 4366 admonitionem,

100 4416 136 4474 ut
158 4405 308 4472 exuhbus
330 4403 579 4472 reconcilientur
600 4401 825 4485 amicabiliter,
855 4400 942 4488 quod
963 4398 1100 4487 perinde
1129 4397 1178 4463 illi
1199 4419 1271 4462 rem
1295 4395 1387 4464 valde

101 4522 267 4600 acceptam
290 4509 501 4576 exhibebunt.
538 4508 663 4573 Pariter
684 4507 807 4585 domini
830 4506 1043 4572 commissarii
1063 4505 1147 4590 regii
1168 4511 1267 4568 antea
1288 4500 1387 4568 nomi·

100 4616 169 4682 nati
189 4615 232 4680 ad
253 4613 335 4680 haec
353 4611 575 4679 admonebant
596 4611 787 4696 Progenses,
808 4618 845 4675 ut
861 4608 1060 4697 adimpleant
1081 4607 1282 4675 voluntatem
1304 4607 1387 4692 regis

97 4719 221 4787 domini
243 4720 304 4793 sui.
338 4715 486 4786 Tandem
509 4738 547 4783 eo
570 4707 711 4800 devenit,
733 4713 820 4801 quod
842 4713 1024 4802 Pragenses
1036 4713 1200 4800 Antiquae
1223 4710 1388 4791 etilovae
