2948 5040
1285 152 1348 225 ld?

55 347 77 390 a
97 321 132 389 S.
166 319 293 387 Thema
323 340 372 386 ex·
395 340 498 409 parva
518 327 617 411 parte.
640 321 859 411 expulerant„
886 323 921 391 hi
949 330 1058 393 166166
1092 306 1173 394 eum·
1206 349 1358 417 suscepe-

54 424 296 512 rant3quidam
318 432 430 490 eontra
450 428 676 514 processiones
717 437 750 495 et
782 428 864 495 alios
886 431 966 495 ritus
988 431 1089 497 locuti
1110 440 1268 517 sunteas
1293 450 1357 499 ser·

54 553 136 599 vare
166 529 330 614 nolentes;
364 529 495 615 quidam
524 541 599 597 ante
621 553 741 598 annum
762 533 798 598 in
820 535 911 599 curia
946 544 1020 600 cum
1056 535 1130 601 aliis
1164 559 1356 625 comparere
1460 538 1464 545 ’

55 658 123 701 666
158 633 340 717 voluerunt,
364 634 423 699 sed
456 635 499 700 ad
520 634 658 701 dissidia
679 658 729 701 sse
761 639 1007 727 praeparabant,
1042 648 1074 704 et
1102 641 1154 705 ita
1176 644 1360 730 praeparati

54 741 138 807 alios
174 737 384 824 instigabant.
441 739 514 821 Qua
537 740 579 806 de
602 763 709 826 causa,
733 762 807 806 cum
836 741 912 829 ¹Sua
934 743 1088 831 Majestas
1122 744 1227 830 Regia
1263 746 1359 813 nobis

54 844 214 912 mandare
247 843 381 930 dignata
417 846 468 928 sit,
491 853 527 910 ut
548 845 630 911 tales
654 868 696 911 ex
729 846 809 912 urbe
832 848 922 913 exire
939 848 1125 937 jubeamus,
1149 852 1227 916 hinc
1261 851 1356 918 vobis

53 951 232 1032 intimatur,
265 956 302 1014 ut
323 950 406 1015 intra
438 950 519 1015 duas
553 952 750 1038 septimanas
780 953 932 1019 continuo
964 954 1112 1020 labentes
1133 958 1240 1042 Praga
1263 972 1357 1023 exea·-

55 1056 109 1139 tis,
132 1063 165 1119 et
185 1075 289 1143 usque
312 1053 353 1118 ad
367 1063 493 1141 tempus
514 1055 850 1122 Purificationisbona
871 1068 981 1125 vestra
996 1059 1178 1128 divendatis
1191 1084 1200 1148 3
1215 1061 1243 1126 si
1251 1070 1359 1127 autem

55 1160 192 1248 ipsimet
211 1159 248 1223 id
268 1158 427 1246 perficere
448 1178 513 1225 non
535 1160 677 1248 possitis,
702 1161 858 1249 quosdam
881 1163 962 1230 alios
996 1165 1038 1231 ad
1061 1165 1141 1231 haee
1174 1166 1361 1253 peragenda

56 1264 273 1332 constituatis.
308 1263 343 1329 si
377 1266 449 1351 quis
478 1288 556 1331 vero
579 1265 655 1331 huic
676 1288 742 1331 non
765 1266 966 1352 satisfecerit,
991 1278 1023 1335 et
1043 1270 1129 1336 mala
1150 1271 1280 1337 tandem
1303 1294 1360 1337 ex-

55 1377 170 1458 pertus
193 1367 299 1451 fuerit,
322 1370 351 1433 is
375 1368 438 1434 sibi
459 1370 590 1457 ipsimet
611 1370 755 1458 imputet.

144 1472 209 1538 Hic
231 1464 423 1539 admiranda
435 1485 483 1540 est
496 1474 597 1543 nimia
610 1476 777 1542 bominum
800 1477 930 1565 injuria,
953 1479 1041 1565 quod
1063 1479 1209 1545 dixerint
1230 1478 1273 1546 ad
1288 1501 1355 1545 om·

54 1605 115 1650 nes
139 1580 258 1647 simul:
293 1581 425 1669 quidam
455 1583 496 1648 de
525 1583 620 1650 vobis
657 1584 716 1650 etc.
740 1585 929 1652 etiterum:
960 1583 1092 1673 quidam
1115 1585 1157 1651 de
1178 1585 1273 1652 vobis
1297 1593 1358 1658 etc.
1387 1592 1390 1599 '

53 1686 248 1774 nullumque
272 1694 381 1752 tamen
403 1689 652 1773 nominaverint,
677 1691 750 1777 quis
772 1688 897 1777 aliquid
925 1688 1003 1755 mali
1026 1692 1140 1777 egerit,
1163 1691 1362 1779 tandemque

24 1874 28 1881 ¹
53 1790 304 1873 mandaverint,
338 1800 374 1855 ut
408 1791 471 1859 sibi
495 1792 537 1859 de
560 1793 762 1860 curatoribus
784 1793 980 1882 provideant
1001 1817 1061 1881 pro
1083 1795 1360 1885 vendendissuis

54 1898 164 1981 botris,
187 1897 274 1961 inter
296 1898 444 1984 seprius
467 1906 602 1983 agentes
616 1907 648 1964 et
662 1898 903 1983 concludentes,
926 1907 962 1965 ut
984 1894 1057 1965 cum
1074 1900 1235 1967 similibus
1252 1900 1361 1993 nullus

55 2002 138 2092 quid
160 2010 253 2089 agat,
286 2002 351 2068 imo
373 2001 619 2090 necloqnatur.
662 2002 777 2090 Itaque
800 2002 878 2069 boni
901 2002 1057 2090 anobis,
1092 2012 1124 2071 et
1153 2004 1227 2069 aliis
1249 2004 1360 2071 multis

56 2113 201 2201 separati
224 2132 296 2176 esse
319 2106 510 2190 debuerunt,
534 2107 697 2190 timentes,
719 2129 762 2173 ne
772 2107 854 2195 ipsis
871 2108 985 2194 pejora
1007 2108 1158 2175 accidant
1181 2108 1360 2175 secundum

56 2225 183 2284 certum
199 2215 361 2304 judicium
384 2212 523 2279 illorum.
567 2211 638 2277 lmo
668 2210 750 2277 haec
780 2233 845 2277 666
879 2211 1102 2298 sufficiebant,
1136 2212 1195 2280 sed
1230 2212 1370 2301 quando·

59 2318 193 2408 quidam
224 2342 268 2386 ex
296 2318 434 2391 civitate
469 2317 642 2382 exiverunt
676 2324 708 2381 et
738 2314 896 2403 quosdam
919 2315 960 2382 de
993 2325 1079 2383 statu
1102 2319 1246 2405 equestri
1267 2317 1360 2404 flagi·

61 2433 219 2511 taverunt,
253 2433 290 2490 ut
310 2423 382 2489 loco
405 2423 455 2488 sui
477 2421 565 2510 apud
585 2423 769 2509 Pragenses
792 2421 833 2487 de
855 2421 1106 2491 necessitatibus
1129 2422 1353 2509 sollicitentur,

58 2532 198 2620 quodsi
229 2531 291 2597 hoc
320 2529 441 2595 factum
470 2528 577 2612 166611,
602 2536 679 2593 1666
707 2528 891 2613 Pragenses
914 2526 1050 2593 cuilibet
1071 2529 1186 2594 minati
1216 2527 1358 2611 fuerunt,

57 2636 147 2727 quod
171 2636 253 2703 haec
275 2633 317 2702 ob
339 2633 422 2700 tales
443 2654 601 2722 personas
624 2633 708 2700 viles
729 2634 764 2698 in
787 2654 823 2697 se
845 2633 1034 2720 suscipiant,
1061 2642 1094 2698 et
1116 2632 1204 2722 quod
1225 2632 1274 2698 illi
1296 2633 1358 2700 soli

57 2741 186 2810 eisdem
219 2740 293 2829 plus
327 2738 545 2823 emolumenti,
577 2760 674 2827 quam
698 2760 716 2804 e
739 2737 901 2803 contrario
925 2736 1112 2803 detrimenti
1134 2737 1263 2804 adferre
1285 2761 1359 2827 pos·

55 2851 132 2931 sint,
156 2868 254 2934 qnam
275 2845 325 2911 illi
346 2844 533 2934 proscripti.
578 2842 670 2924 Quae
687 2844 758 2932 jam
769 2843 874 2930 major
890 2841 1014 2907 malitia
1027 2864 1099 2908 esse
1119 2851 1237 2929 potest,
1262 2867 1360 2932 quam

54 2950 154 3021 talis?
185 2951 278 3018 Haec
300 2949 378 3016 dum
399 2949 449 3014 illi
478 2947 615 3032 relegati
638 2946 845 3030 audiverunt,
873 2946 981 3032 quivis
1005 2969 1041 3012 se
1064 2968 1223 3019 excusare
1244 2951 1359 3036 potuit,

56 3057 146 3146 quod
167 3077 245 3122 reus
267 3057 398 3138 nonsit,
422 3074 484 3119 nec
500 3053 701 3118 conscientia
713 3074 910 3140 quemquam
922 3052 964 3116 de
985 3051 1124 3139 quodam
1135 3053 1221 3119 malo
1233 3064 1358 3141 arguat,

54 3169 224 3252 petentes,
259 3161 288 3225 si
319 3158 420 3249 aliqui
450 3167 656 3225 accusatores
688 3158 908 3241 inveniuntur,
942 3165 979 3222 ut
1007 3157 1183 3244 proferant,
1219 3168 1251 3224 et
1274 3183 1358 3249 quae

54 3267 233 3356 proferent,
267 3273 303 3330 ut
336 3263 445 3331 simul.
463 3264 560 3329 etiam
591 3263 746 3352 probent,
779 3270 836 3328 aut
864 3264 972 3350 potius
1001 3261 1130 3328 dicant:
1163 3263 1278 3350 fateor,
1307 3288 1360 3331 me

55 3373 141 3438 haec
163 3369 310 3453 dixisse„
328 3368 388 3435 sed
408 3368 450 3434 de
472 3369 604 3456 proprio
625 3366 754 3456 judicio
778 3375 811 3433 et
825 3367 1011 3452 voluntata;
1034 3366 1147 3451 fateor,
1171 3369 1259 3457 quod
1274 3371 1359 3458 ipsc-

57 3485 127 3544 met
148 3474 235 3564 apud
259 3472 380 3539 similes
404 3472 561 3561 quosdam
585 3472 773 3539 sacerdotes
796 3474 830 3539 16
853 3472 1065 3538 concionibus
1094 3472 1222 3558 fuerim,
1253 3474 1357 3543 solum

55 3582 143 3666 ideo,
167 3581 243 3669 quia
266 3579 348 3644 alias
376 3579 504 3664 Pragae
534 3600 662 3666 semper
699 3577 772 3644 talis
796 3578 930 3644 libertas
953 3576 1104 3645 omnibus
1125 3576 1195 3663 fuit,
1219 3579 1278 3646 hos
1302 3588 1358 3647 aut

56 3688 141 3753 alios
156 3683 341 3751 sacerdotes
354 3683 570 3771 frequentare,
594 3691 798 3770 etnaoquam
817 3683 851 3747 in
873 3681 931 3748 tali
953 3692 1117 3750 conventu
1139 3692 1195 3749 aut
1217 3686 1355 3754 concilio

57 3792 147 3857 dicto
167 3790 294 3855 fueram
314 3790 394 3855 ieter
407 3790 539 3874 fratres,
571 3809 676 3874 neque
699 3787 779 3852 mihi
798 3795 934 3872 constat,
959 3790 1120 3876 quomodo
1143 3813 1208 3857 res·
1221 3800 1252 3856 et
1276 3794 1358 3859 ritus

58 3919 135 3962 suos
157 3902 334 3982 peragant;
371 3893 499 3958 sivero
523 3893 601 3981 quid
623 3890 736 3957 audire
758 3880 857 3977 volui,
889 3894 1014 3959 accessi
1037 3917 1084 3978 eo,
1107 3895 1166 3963 ubi
1187 3896 1259 3963 loca
1281 3909 1358 3965 6661

56 4002 101 4068 ad
123 4000 204 4066 hacc
226 3998 267 4065 ab
289 3999 430 4087 antiquis
464 3999 663 4087 temporibus
683 3997 858 4083 destinata,
888 4021 1008 4086 nempe
1030 3999 1072 4064 ad
1095 4001 1259 4069 ccclesias.
1292 4004 1357 4070 Fui

56 4108 158 4173 etiam
191 4103 329 4170 subinde
351 4105 385 4168 in
408 4104 585 4191 synagogis
607 4102 816 4187 Judaeorum,
853 4104 1059 4192 conspiciens
1090 4114 1124 4171 et
1144 4109 1356 4176 considerans

57 4209 321 4276 circumcisiones
354 4208 493 4292 illorum,
528 4218 670 4275 attamen
693 4207 767 4274 talis
791 4209 890 4292 exivi,
924 4209 1008 4274 sicut
1028 4211 1236 4298 intraveram,
1267 4219 1357 4297 6116

56 4339 111 4382 me
122 4316 212 4381 aliud
226 4314 307 4380 nihil
323 4316 515 4398 continetur,
537 4316 603 4381 nisi
621 4313 707 4403 quod
720 4314 811 4379 Deus
825 4337 845 4380 a
859 4314 1020 4403 principio
1033 4316 1123 4382 cordi
1138 4341 1211 4384 meo
1227 4320 1355 4387 infudit.

147 4421 183 4487 Si
202 4423 302 4508 igitur
323 4420 357 4484 in
381 4421 610 4486 communitate
647 4419 831 4486 sacerdotes
865 4420 946 4485 tales
977 4427 1010 4486 et
1041 4423 1214 4489 conciones
1245 4447 1356 4491 aerum
1388 4444 1391 4450 ·

58 4529 199 4594 tolerare
231 4525 371 4608 nolletis,
406 4534 439 4590 et
472 4526 605 4612 ipsimet
636 4547 710 4591 cum
740 4524 813 4589 aliis
843 4524 967 4590 altioris
991 4532 1092 4592 status
1116 4526 1301 4594 domesticis
1324 4537 1357 4596 et

59 4634 246 4723 peregrinis
269 4654 307 4698 eo
330 4653 396 4697 non
419 4631 563 4714 adiretis,
586 4629 640 4699 vel
664 4629 705 4697 de
728 4630 779 4696 his
802 4631 862 4697 toti
885 4631 1108 4699 communitati
1128 4632 1366 4720 prohiberetis,

59 4740 159 4808 ctiam
179 4760 240 4807 nos
263 4759 324 4807 nec
346 4759 410 4806 666
433 4737 518 4826 pede
549 4757 587 4805 eo
610 4736 871 4807 accessissemus.
915 4737 987 4806 vix
1005 4747 1120 4807 autem
1134 4760 1195 4803 me
1207 4737 1281 4802 tres
1297 4759 1369 4801 ser-
