2948 5040
59 353 242 410 lecessores
266 364 340 408 suos
363 345 608 430 cognominatus
632 342 742 409 Sobek
773 343 814 409 de
835 340 996 427 Kornicn;
1028 339 1114 428 quod
1130 350 1237 410 autem
1270 344 1368 423 fuerit

56 448 124 515 'sub
147 470 212 512 una
235 451 344 534 specie
368 446 514 529 credens,
538 447 618 510 mihi
641 468 705 512 non
727 446 866 529 videtur,
892 445 970 533 quia
991 445 1155 512 transtulit
1181 444 1366 536 apologiam

64 552 201 617 fratrum
238 553 273 615 in
307 551 451 637 linguam
486 551 619 615 latinam
657 550 839 617 Marchioni
878 548 1149 635 Brandeburgiae
1171 548 1362 634 ostensam).

60 655 210 722 Tandem
240 654 399 720 allocutus
436 664 582 720 senatum
604 655 683 719 fuit:
717 654 846 720 domine
885 652 1018 735 consul,
1053 653 1134 720 haec
1167 655 1261 723 vobis
1296 656 1364 727 dici

66 758 325 842 mandaverunt3
349 781 422 823 cum
444 781 503 824 vos
526 759 667 824 invicem
691 758 761 822 heri
782 757 913 845 vesperi
923 758 957 822 in
971 758 1061 822 curia
1072 763 1245 826 convocari
1249 764 1361 850 jussea

14 934 19 939 ,
65 866 148 948 ritis,
172 873 205 929 et
237 863 399 951 quendam
422 863 577 950 populum
616 872 775 928 armatum
796 864 831 927 in
854 871 942 928 certo
963 884 1097 927 numero
1120 865 1208 950 apud
1230 886 1289 934 vos
1311 868 1366 937 ha·

64 968 213 1050 bueritis,
251 974 283 1031 et
306 965 436 1052 quidem
471 967 522 1031 his
546 966 685 1032 dominis
708 966 837 1049 insciis,
876 975 952 1031 tunc
988 966 1082 1032 aliter
1108 967 1259 1058 judicare
1298 996 1365 1041 non

64 1093 252 1158 possumus,
278 1093 374 1159 quam
407 1070 492 1156 quod
526 1070 567 1135 de
599 1079 712 1136 nostra
733 1072 801 1137 vita
824 1070 964 1156 egeritis,
998 1070 1138 1163 ideoque
1171 1075 1266 1142 vobis
1296 1077 1365 1144 offi-

67 1178 154 1242 cium
177 1183 320 1241 vestrum
359 1175 528 1240 consulare
550 1174 734 1259 adimimus,
763 1184 795 1240 et
817 1173 969 1260 sigillum,
992 1185 1028 1241 ut
1050 1176 1231 1267 deponatis,
1262 1181 1360 1248 volu*

66 1304 162 1365 mus,
195 1289 292 1368 atque
327 1290 359 1344 te
392 1280 425 1345 bi
456 1281 579 1345 domini
601 1280 634 1344 in
656 1288 849 1368 potestatem
874 1300 987 1363 suam,
1011 1289 1043 1346 et
1071 1304 1219 1351 carceres
1243 1285 1366 1373 Regiae

61 1385 244 1473 MaJestatis
267 1394 444 1448 assumunt.
489 1383 557 1448 Vos
580 1392 687 1448 autem
711 1382 841 1448 domine
875 1385 1032 1469 magister
1054 1386 1197 1474 Passek,
1233 1390 1363 1458 domine

65 1490 185 1573 affinis,
209 1511 282 1555 cum
306 1489 428 1576 primus
465 1489 498 1551 in
523 1497 637 1553 senatu
661 1487 740 1571 sitis,
763 1486 798 1551 id
820 1488 971 1574 petimus,
994 1499 1030 1555 ut
1053 1491 1196 1559 officium
1219 1494 1366 1565 consula*-

67 1608 120 1661 tus
145 1607 174 1660 et
200 1594 342 1681 sigillum
378 1594 419 1659 ad
453 1617 511 1659 vos
534 1594 710 1681 recipiatis,
733 1592 912 1658 seeundum
942 1616 1001 1661 vos
1025 1598 1112 1662 enim
1134 1620 1194 1665 nos
1217 1600 1366 1667 volumus

64 1701 217 1786 dirigere.
263 1699 359 1780 Quod
394 1700 470 1764 dum
492 1698 661 1780 finivisset,
684 1707 752 1762 tum
776 1698 934 1784 Magister
969 1698 1153 1788 Brykczius
1182 1702 1360 1771 ¹notificare

63 1805 190 1892 caepit,
225 1803 330 1889 qualis
369 1804 416 1868 eis
439 1803 556 1867 notitia
578 1800 656 1866 data
678 1800 792 1884 fuerit,
817 1823 917 1888 quare
940 1802 1031 1868 citati
1052 1805 1182 1889 fuerint,
1218 1816 1250 1873 et
1280 1798 1358 1898 quid

63 1908 246 1994 contigerit.
291 1907 343 1971 Ad
381 1907 462 1972 haec
484 1906 569 1970 lanio
591 1905 687 1990 Zyka
707 1902 896 1992 respondit:
934 1927 977 1969 ne
1011 1906 1172 1995 loquatur,
1197 1911 1284 1999 quod
1304 1936 1361 1980 nu·

63 2037 122 2101 gas
147 2012 234 2076 illius
256 2011 341 2075 bene
365 2021 511 2093 noscant,
537 2017 569 2074 et
590 2009 720 2074 veritati
744 2029 923 2094 congruum
946 2031 1012 2074 non
1036 2012 1086 2096 sit,
1110 2021 1146 2078 ut
1167 2014 1275 2102 Praga
1296 2006 1361 2083 miss

64 2140 142 2200 nor,
177 2117 326 2181 civitates
350 2116 492 2202 maj0res
515 2114 697 2200 Pragenses
724 2134 913 2201 expugnare
937 2112 1079 2200 deberet,
1103 2127 1159 2184 aut
1174 2124 1307 2207 posset,
1331 2130 1364 2188 et

65 2221 152 2309 quod
175 2243 249 2286 cum
271 2219 328 2284 illo
352 2219 552 2284 contendere
575 2218 710 2284 ulterius
734 2226 905 2304 nequeant.
939 2219 1113 2288 Danielem
1129 2222 1234 2290 Rauss
1254 2234 1362 2291 autem

64 2324 151 2390 idem
172 2323 330 2390 allocutus
353 2324 399 2387 ita
421 2322 498 2386 fuit:
521 2321 615 2406 Tibi,
643 2321 773 2388 domine
795 2321 911 2407 Rauss,
934 2322 997 2389 hoe
1027 2326 1201 2415 notificare
1228 2329 1362 2396 manda·

62 2438 130 2494 tum
152 2429 229 2512 fuit3
254 2449 328 2492 cum
351 2427 485 2491 loricam
511 2448 640 2515 semper
663 2424 799 2490 induere
821 2426 975 2512 volueris,
997 2437 1094 2518 atque
1117 2431 1168 2498 his
1191 2442 1223 2500 te
1236 2454 1364 2523 semper

55 2537 173 2622 jactes,
197 2532 270 2598 ideo
294 2541 325 2596 te
349 2532 383 2594 in
407 2554 553 2596 carceres
576 2532 698 2617 Regiae
720 2531 902 2617 Majestatis
925 2533 1023 2600 etiam
1045 2549 1222 2605 assumunt.
1267 2540 1363 2607 Eras.

60 2661 113 2704 mo
139 2646 246 2733 autem
282 2637 362 2701 haec
386 2635 486 2700 dixit:
522 2636 653 2701 domine
675 2635 819 2702 Joannes
841 2636 988 2723 Erasme,
1012 2648 1044 2704 te
1071 2643 1169 2708 etiam
1192 2645 1227 2710 in
1259 2632 1364 2734 potes·
1393 2664 1396 2669 '

60 2751 162 2808 tatem
197 2751 228 2806 et
251 2761 398 2805 carceres
411 2739 599 2826 accipimus,
622 2762 699 2804 nam
720 2756 824 2828 aeque
848 2751 879 2805 et
900 2750 935 2806 tu
957 2741 1022 2807 illis
1045 2743 1193 2813 addictus
1217 2769 1252 2814 es
1266 2773 1274 2834 ς
1289 2748 1366 2816 n'am

61 2868 137 2912 cum
160 2855 255 2910 nocte
290 2842 499 2932 praecedenti
530 2843 564 2908 id
587 2847 621 2907 in
645 2845 795 2909 effectum
819 2843 997 2931 perducere
1019 2869 1085 2914 non
1119 2854 1306 2939 potueritis,
1329 2852 1365 2918 id

60 2954 148 3018 enim
170 2952 262 3016 Deus
296 2950 389 3016 vobis
410 2971 476 3013 non
499 2949 650 3032 admisit,
674 2949 757 3014 forte
780 2948 844 3014 alia
866 2960 962 3015 nocte
984 2950 1019 3016 id
1056 2954 1223 3041 perficere,
1249 2965 1280 3022 et
1303 2964 1363 3022 not

60 3056 174 3122 dolose
198 3063 228 3120 et
251 3076 309 3142 per
330 3052 465 3118 insidias
488 3054 556 3117 vita
578 3064 610 3117 et
643 3053 737 3118 bonis
771 3053 901 3140 privare
934 3053 1073 3140 velletis,
1107 3057 1248 3147 ideoque
1270 3050 1364 3127 vobis

60 3163 144 3228 baec
177 3182 242 3224 non
264 3158 476 3240 admittimus,
512 3166 544 3221 et
566 3167 709 3222 vestram
732 3157 890 3222 malitiam
913 3158 1052 3246 amplius
1077 3165 1237 3230 sustinere
1268 3164 1364 3232 nolu-

60 3289 153 3343 mus,
188 3263 246 3328 sed
275 3263 373 3328 finem
406 3263 440 3326 in
463 3261 513 3326 his
536 3260 709 3327 vobiscum
742 3262 852 3326 facere
875 3262 1083 3331 intendimus.
1127 3267 1284 3356 Reliquis,
1309 3258 1365 3358 qul
1438 3265 1442 3273 ’

60 3376 115 3440 hic
137 3395 204 3438 non
226 3370 360 3454 adsunt,
397 3371 494 3435 etiam
531 3369 690 3458 quaedam
723 3369 936 3458 proponenda
976 3369 1149 3443 habemus„
1190 3373 1365 3442 Praeterea

62 3482 161 3546 etiam
195 3477 290 3562 Zyka
323 3476 488 3541 dominum
521 3474 646 3540 Blatek
689 3473 876 3562 alloquendi
900 3497 1031 3540 causam
1055 3478 1189 3561 invenit,
1213 3478 1294 3544 haec
1317 3472 1365 3546 di'-

62 3605 159 3651 cens:
197 3580 241 3645 Et
261 3589 296 3644 tu
320 3579 449 3643 domine
472 3578 613 3661 Blasek,
638 3600 771 3666 praeses
795 3577 879 3643 Suae
898 3578 1095 3668 Majestatis,
1119 3580 1180 3646 bac
1202 3591 1297 3648 noete
1329 3584 1365 3655 in

62 3688 160 3754 domo
185 3694 239 3750 tua
262 3683 439 3749 notabilem
461 3706 631 3748 numerum
653 3682 820 3747 hominum
842 3694 1039 3749 armatorum
1061 3684 1212 3772 habuisti,
1237 3686 1312 3754 idco
1332 3674 1365 3755 el

62 3805 95 3860 te
128 3794 163 3856 in
196 3797 387 3879 potestatem
424 3800 567 3855 nostram
605 3796 637 3852 ct
670 3809 819 3853 carceres
857 3787 942 3853 Suae
965 3789 1145 3877 Majestatis
1176 3793 1363 3880 accipimus.

61 3898 211 3966 Tandem
233 3895 345 3960 ultimo
367 3898 557 3981 magistrum
581 3894 834 3961 Weneeslauum
867 3893 1041 3959 Danielem
1073 3917 1115 3961 ex
1148 3897 1361 3966 universitate

61 4001 222 4090 Pragensi
250 3999 407 4064 allocutus
441 3999 522 4084 fuit,
546 3999 682 4064 dicens:
721 3998 851 4063 domine
886 4000 1043 4084 magister
1066 3998 1270 4080 Wenceslae,
1294 4003 1362 4070 Vos

62 4132 130 4175 non
154 4105 324 4181 adfuistis,
347 4127 409 4169 nec
431 4105 620 4187 audivistis,
645 4125 727 4191 quae
749 4100 883 4190 reliquis
906 4101 993 4167 dicta
1029 4112 1113 4187 sunt,
1136 4103 1221 4171 haec
1254 4115 1363 4175 autem

62 4225 98 4283 ut
130 4220 338 4301 repetantur,
377 4233 512 4275 necesse
535 4232 601 4274 non
631 4218 688 4273 est.
735 4207 819 4273 Oum
842 4229 922 4273 vero
944 4215 1057 4273 notum
1080 4209 1141 4293 sit,
1169 4233 1228 4276 vos
1266 4213 1364 4279 ctiam

63 4322 116 4386 his
140 4318 284 4384 erroneis
308 4338 379 4380 esse
402 4315 570 4398 addictos,
593 4315 715 4403 pariter
737 4322 769 4378 et
790 4335 849 4378 vos
872 4314 906 4377 in
929 4321 1121 4400 potestatam
1154 4325 1299 4382 nostram
1333 4324 1366 4384 at

63 4426 106 4491 ad
141 4443 290 4489 carceres
321 4421 444 4505 Regiae
467 4421 649 4507 Majestatis
672 4417 866 4483 addicimus.
910 4418 953 4484 Et
975 4419 1052 4485 dum
1074 4421 1230 4507 magister
1261 4421 1361 4488 Wen·

65 4509 194 4596 ceslaus
233 4527 408 4608 exivisset,
433 4534 464 4589 et
496 4525 608 4589 audire
631 4525 738 4610 ipsum
760 4545 827 4588 non
849 4523 981 4608 vellent,
1004 4523 1088 4590 dixit
1109 4525 1222 4613 Zyka:
1246 4534 1282 4591 ut
1302 4546 1362 4593 vos

65 4634 262 4700 deberemus
280 4631 381 4695 altera
404 4640 498 4695 nocte
522 4638 705 4718 expectare,
727 4650 793 4693 non
816 4637 951 4716 apparet
983 4629 1078 4696 nobis
1103 4652 1174 4696 esse
1198 4648 1373 4717 securumg

64 4759 144 4805 nam
181 4734 268 4824 quod
289 4734 498 4823 praecedenti
520 4742 616 4800 noete
637 4733 795 4823 perficere
816 4753 886 4801 non
906 4735 1080 4824 potuistis,
1098 4734 1261 4820 secessu
1291 4745 1392 4800 centa
