2948 5040
59 182 64 191 ·
146 156 208 232 116

140 334 226 424 qnod
247 357 306 422 pro
329 334 422 403 vobis
444 323 596 404 tradetur.
640 336 738 429 Item3
762 340 907 425 calicem,
929 334 1101 429 postquam
1119 322 1311 427 coenasset,
1346 344 1435 409 acci

139 443 244 529 piens,
267 441 532 528 dixitzrleeipite
555 451 587 507 et
608 442 711 545 bibite
734 466 776 511 ex
797 445 859 511 hoe
882 469 1003 530 omnes,
1026 446 1079 513 hic
1102 440 1152 514 est
1173 450 1306 536 sanguis
1328 470 1447 533 mens,

124 547 195 634 -qui
227 568 286 634 pro
323 546 431 611 multis
462 546 653 641 effundetur,
688 548 750 613 hoe
779 551 866 635 agite
888 553 923 615 in
945 564 1050 617 meam
1078 552 1433 620 commemorationem.

138 650 241 718 Simul
264 660 296 717 et
327 650 559 739 professionem
597 652 814 739 magistralem
838 654 1013 742 deposuit,
1043 656 1172 745 dicens3
1196 659 1282 747 quod
1306 659 1433 744 credat,

118 752 224 843 ¹quod
247 754 306 821 sub
329 755 437 842 specie
458 750 699 844 primavivus,
721 759 856 845 integer,
880 768 913 824 et
944 760 1106 847 perfectus
1129 763 1171 827 sit
1193 762 1355 848 Christus,
1379 786 1435 830 ve·

138 870 193 926 rus
214 861 315 943 Deus,
339 869 371 925 et
406 883 505 928 verus
528 862 634 945 homo,
656 864 735 928 item
758 863 792 927 in
814 866 923 952 speeie
945 865 1046 931 altera
1067 866 1148 932 nihil
1170 869 1329 934 minuens.
1374 868 1437 934 Ul·

138 968 237 1034 terius
269 962 352 1032 haec
383 966 517 1050 addidit,
541 975 573 1033 et
595 967 696 1033 dixit:
713 966 874 1034 'Christus
897 969 1068 1054 Dominus,
1092 968 1169 1037 dum
1192 971 1365 1059 discipulis
1400 975 1434 1037 in

137 1093 239 1138 coena
261 1071 413 1158 dignatus
436 1071 498 1136 luit
532 1093 648 1160 corpus
672 1095 764 1138 suum
788 1074 969 1152 extradere,
994 1075 1082 1163 quod
1101 1085 1169 1141 tum
1192 1076 1321 1153 vixerit,
1353 1079 1432 1142 item

62 1247 64 1252 ,
138 1178 329 1263 sanguinem
351 1177 406 1263 qui
428 1177 462 1241 in
484 1175 540 1242 illo
556 1198 690 1264 corpore
711 1179 834 1265 pariter
854 1180 1006 1265 vixerit3¹
1020 1189 1052 1249 et
1074 1202 1160 1266 ecce,
1183 1181 1260 1246 dunt
1281 1181 1433 1249 illis'Do·

136 1284 243 1348 minus
265 1281 416 1367 dignatus
438 1281 500 1345 fuit
521 1303 645 1368 corpus,
661 1294 753 1348 suum
777 1283 854 1348 dare
876 1283 918 1349 ad
942 1284 1145 1371 sumendum,
1171 1294 1204 1351 et
1238 1287 1432 1372 sanguinem

135 1385 398 1470 adhibendum,
430 1384 586 1451 nondum*
602 1395 680 1451 tunc
712 1395 855 1453 mortuus
875 1387 1003 1473 iuerat,
1044 1413 1151 1478 neque
1183 1391 1347 1457 Dominus
1383 1392 1431 1457 his

136 1490 247 1559 verbis
269 1489 451 1576 significare
473 1487 575 1556 voluit
597 1492 712 1578 c'orpus
735 1502 893 1559 mortuum
916 1515 1021 1581 neque
1042 1496 1232 1581 sanguinem
1248 1503 1430 1581 mortuum3

136 1595 199 1663 hoo
212 1597 297 1663 enim
320 1581 409 1660 chari
425 1593 557 1660 Domini
568 1596 734 1677 noveritis,
765 1595 842 1660 dum
865 1591 981 1685 eorpus
1005 1598 1166 1687 quoddam
1190 1608 1354 1665 mortuum
1375 1611 1431 1683 est,

136 1690 224 1789 quod
245 1722 310 1765 non
321 1700 504 1764 nominetur
515 1699 652 1786 amplius
668 1712 784 1786 'corpus
800 1700 858 1765 sed
874 1700 1022 1768 cadaver.
1044 1702 1127 1769 Item
1150 1692 1292 1791 sanguis,
1310 1705 1369 1791 qui
1392 1727 1432 1770 ex

135 1827 269 1892 corpore
279 1813 404 1870 mortuo
420 1805 496 1888 exit,
516 1804 585 1891 jam
597 1825 662 1868 non
674 1813 807 1871 vocetur
823 1807 964 1890 sanguis,
982 1805 1039 1871 sed
1055 1809 1162 1872 sanies
1179 1817 1238 1876 ete.
1260 1807 1357 1872 Finis
1369 1815 1432 1873 tam

136 1898 289 1995 solennis⁴
312 1908 521 1996 professionis
540 1905 644 1992 idei,
679 1931 743 1996 qua
785 1918 913 1976 montes
936 1910 1104 1976 transferri
1126 1920 1270 2000 possent,
1305 1920 1338 1978 et
1371 1935 1429 1978 nee

134 2015 267 2098 mirum,
291 2015 378 2103 quod
401 2013 541 2080 cadaver
562 2012 738 2079 absurdum
760 2013 801 2078 de
825 2014 984 2081 cadavere
1006 2014 1150 2082 locutum
1186 2016 1302 2082 fixerit!
1347 2016 1429 2082 Tan·

134 2102 208 2186 dem
242 2119 381 2207 quodam
403 2127 549 2205 tempore
572 2117 709 2183 obvians
730 2118 859 2185 cuidam
880 2120 1026 2208 praelate
1053 2123 1138 2186 arcis
1160 2123 1342 2209 Pragensis
1382 2144 1427 2188 sa·

132 2227 175 2290 tis
207 2226 313 2308 docto,
349 2223 505 2311 loquebar
528 2223 643 2307 eidem,
666 2245 849 2310 proponens
882 2224 932 2289 illi
966 2228 1188 2312 quaestionem
1218 2235 1429 2314 sequentem:

125 2331 182 2415 ¹Tu
203 2329 371 2418 perlegisti
392 2327 509 2392 multos
545 2329 691 2393 doctores
729 2336 785 2392 aut
807 2326 987 2394 doctorales
1028 2332 1223 2420 scripturas:
1246 2332 1302 2397 dic
1340 2333 1427 2416 mihi,

95 2478 100 2487 ι
131 2459 260 2525 quaeso,
292 2437 452 2523 legistine,
485 2442 541 2500 aut
562 2432 714 2499 audivisti
738 2430 823 2517 quod
844 2432 878 2496 in
901 2433 1059 2520 scriptura
1080 2457 1147 2501 non
1182 2437 1351 2507 invenitur
1391 2437 1427 2502 de

131 2540 190 2606 tali
221 2539 414 2623 testimonio,
451 2539 492 2604 de
510 2538 722 2605 'Sacramento
758 2535 984 2602 Eucharistiae
1016 2538 1110 2627 quale
1132 2540 1265 2628 protulit
1300 2540 1426 2635 Passek

128 2646 166 2717 in
197 2668 272 2712 arce
304 2639 463 2730 Pragensi
492 2645 528 2709 in
560 2641 724 2722 comitiis,
744 2641 969 2727 praesentibus
993 2643 1141 2710 omnibus
1164 2644 1312 2711 statibus.
1364 2645 1425 2712 Ad-

130 2749 213 2816 haec
244 2749 322 2815 dum
349 2748 580 2837 respondisset,
618 2770 653 2813 se
675 2747 772 2833 hujus
808 2768 878 2831 non,
906 2747 1080 2828 recordari,
1106 2749 1176 2815 dixi
1210 2749 1333 2816 eidem:
1370 2750 1425 2817 Ille

131 2862 209 2936 tunc
223 2853 305 2919 haec
326 2852 525 2941 loquebatur,
547 2852 624 2918 dum
647 2852 687 2918 de
710 2854 922 2941 compactatis
944 2860 1053 2917 aetum
1074 2854 1134 2919 fuit
1157 2855 1190 2918 in
1214 2854 1267 2919 die
1292 2877 1424 2922 conver·

133 2960 232 3023 sionis
244 2957 277 3024 S.
293 2957 395 3040 Pauli,
417 2957 513 3024 Anno
537 2957 632 3042 1525,
656 2968 688 3023 et
697 2959 822 3024 locutus
835 2966 884 3023 est
894 2958 946 3022 his
961 2958 1087 3043 verbis,
1103 2960 1296 3047 repetitione
1306 2981 1424 3048 nempe

107 3070 111 3077 '
135 3062 309 3130 verborum
334 3061 457 3128 Christi
479 3085 580 3151 penes
595 3064 828 3128 institutionem
842 3062 1036 3128 sacramenti
1052 3062 1268 3127 eucharistiae
1278 3065 1315 3128 in
1326 3085 1427 3130 coena

132 3169 255 3252 ultima,
294 3166 380 3254 quod
414 3190 531 3254 corpus
566 3190 659 3232 suum
682 3166 810 3232 dederit
831 3165 1001 3254 ¹discipulis
1023 3167 1145 3251 vivum,
1180 3174 1213 3231 et
1235 3169 1426 3253 sanguinem

133 3295 227 3339 suum
250 3273 348 3338 etiam
371 3274 492 3355 vivum,
518 3277 549 3334 et
570 3270 723 3360 probavit
744 3271 806 3336 hoc
842 3270 1062 3357 sequentibus,
1096 3270 1183 3358 quod
1204 3291 1322 3358 corpus
1345 3296 1426 3340 mor·

133 3384 223 3442 tuum
247 3399 314 3442 non
336 3377 474 3465 amplius
489 3377 674 3442 nominetur
683 3398 810 3463 corpus
835 3376 892 3441 sed
915 3375 1064 3458 cadaver,
1088 3385 1120 3440 et
1142 3377 1283 3460 sanguis,
1306 3377 1426 3464 quide

131 3479 198 3547 hoc*
218 3503 354 3571 corpore
379 3481 489 3558 effluit,
513 3502 578 3545 non
600 3488 735 3546 vocetur
757 3481 899 3566 sanguis,
923 3479 979 3544 sed
1005 3480 1122 3545 sanies.
1151 3479 1247 3545 Dixit
1266 3480 1323 3545 ille
1347 3482 1425 3548 mihi

133 3585 277 3670 quidem,
299 3587 334 3649 in
358 3584 445 3672 quali
468 3606 566 3649 sensu
590 3584 671 3650 haec
694 3583 854 3672 loquatur,
877 3592 932 3648 aut
954 3583 1079 3648 locutus
1101 3582 1207 3666 fuerit,
1225 3604 1292 3669 ego
1312 3596 1424 3652 'cutem

134 3712 327 3776 agnoscens,
352 3688 438 3776 quod
460 3688 503 3753 ad
525 3688 644 3754 limites
667 3689 824 3754 accedere
846 3688 935 3770 nolit,
959 3687 1045 3772 dixi3
1068 3687 1159 3753 illum
1192 3709 1258 3752 non
1279 3693 1424 3776 potuisse

132 3794 214 3860 haee
236 3795 271 3858 in
305 3793 369 3857 alio
392 3814 490 3856 sensu
512 3792 610 3880 loqui,
641 3816 736 3881 quam
768 3795 802 3857 in
824 3793 895 3875 hoc,
920 3791 961 3857 de
983 3813 1046 3878 quo
1069 3794 1252 3858 sermonem
1274 3794 1423 3878 instit-uit,

130 3897 315 3963 assimilans
353 3918 470 3984 corpus
505 3896 627 3962 Christi
656 3893 816 3963 mortuum
850 3897 1012 3978 cadaveri,
1043 3905 1075 3961 et
1105 3899 1296 3983 sanguinem
1328 3898 1423 3987 hujus

131 4001 281 4088 corporis,
299 4002 427 4083 mortui,
451 4002 563 4083 saniei,
586 4000 643 4066 ubi
665 4009 773 4066 tamen
797 4024 908 4066 omnes
942 4002 1121 4088 scripturae
1151 4000 1423 4086 evangelistarum

132 4113 165 4170 et
197 4102 416 4191 apostolorum
449 4101 650 4190 attestantur,
684 4129 801 4193 corpus
833 4104 979 4192 ejusdem
1014 4126 1086 4170 esse
1102 4113 1279 4188 mortuum,
1304 4114 1338 4171 et
1359 4129 1422 4172 non

131 4207 280 4291 cadaver,
315 4215 347 4272 et
380 4210 570 4294 sanguinem
591 4213 626 4274 in
663 4233 759 4276 cruce
782 4211 928 4292 effusum,
962 4210 1063 4274 fuisse
1087 4211 1279 4295 sanguinem
1303 4218 1337 4274 et
1359 4232 1422 4276 non

130 4314 265 4379 saniem.
309 4313 377 4378 Ad·
395 4313 476 4380 haec
506 4316 590 4380 dixit
619 4315 804 4380 Praelatus:
839 4315 919 4378 haec
953 4322 1002 4378 est
1024 4313 1158 4379 evidens
1180 4314 1313 4397 veritas,
1337 4312 1421 4401 quod

130 4418 177 4484 eis
199 4418 370 4484 tradiderit
391 4440 507 4506 corpus
530 4442 623 4484 suum
646 4421 766 4502 vivum,
804 4427 835 4482 et
858 4420 1048 4503 sanguinem
1071 4440 1163 4482 suum
1186 4417 1283 4482 etiam
1301 4419 1420 4485 vivum.

127 4511 273 4611 Reposui
309 4533 390 4610 ego:
421 4524 474 4589 De
506 4524 557 4590 his
585 4547 645 4612 ego
667 4546 733 4589 non
756 4522 879 4609 loquor,
914 4523 971 4588 sed
993 4531 1116 4588 tantum
1138 4523 1220 4587 haec
1240 4522 1344 4598 verba
1373 4544 1420 4588 re·

128 4637 215 4716 peto,
251 4628 293 4694 de
316 4627 475 4694 cadavere
498 4636 530 4694 et
553 4628 593 4694 de
629 4630 729 4694 sanie.
773 4628 869 4695 Dixit
890 4628 1007 4693 iterum
1027 4627 1093 4712 ille,
1118 4627 1204 4715 qnod
1234 4636 1310 4717 post
1337 4649 1420 4694 mor·

113 4720 191 4797 'tem
223 4727 378 4801 animalis
411 4733 478 4800 non
512 4734 696 4800 nominetur
718 4733 860 4818 sangnis,
884 4731 943 4799 sed
965 4738 1070 4811 cruor,
1092 4753 1220 4821 nempe,
1244 4731 1330 4821 quod
1354 4733 1420 4799 ani·
