<?xml version="1.0" encoding="UTF-8"?>
<!DOCTYPE html PUBLIC "-//W3C//DTD XHTML 1.0 Transitional//EN"
    "http://www.w3.org/TR/xhtml1/DTD/xhtml1-transitional.dtd">
<html xmlns="http://www.w3.org/1999/xhtml" xml:lang="en" lang="en">
 <head>
  <title>
</title>
<meta http-equiv="Content-Type" content="text/html;charset=utf-8" />
  <meta name='ocr-system' content='tesseract 3.04.00' />
  <meta name='ocr-capabilities' content='ocr_page ocr_carea ocr_par ocr_line ocrx_word'/>
</head>
<body>
  <div class='ocr_page' id='page_1' title='image "./desbartholomusv00bartgoog_0050.png"; bbox 0 0 2948 5040; ppageno 0'>
   <div class='ocr_carea' id='block_1_1' title="bbox 1318 157 1361 228">
    <p class='ocr_par' dir='ltr' id='par_1_1' title="bbox 1318 157 1361 228">
     <span class='ocr_line' id='line_1_1' title="bbox 1318 157 1361 228; baseline 0 0"><span class='ocrx_word' id='word_1_1' title='bbox 1318 157 1361 228; x_wconf 67' lang='lat' dir='ltr'><strong>ll</strong></span> 
     </span>
    </p>
   </div>
   <div class='ocr_carea' id='block_1_2' title="bbox 59 337 1362 2515">
    <p class='ocr_par' dir='ltr' id='par_1_2' title="bbox 59 337 1362 2515">
     <span class='ocr_line' id='line_1_2' title="bbox 160 337 1359 429; baseline -0.004 -21"><span class='ocrx_word' id='word_1_2' title='bbox 160 342 255 408; x_wconf 87' lang='lat' dir='ltr'><strong>Nunc</strong></span> <span class='ocrx_word' id='word_1_3' title='bbox 275 347 383 408; x_wconf 88' lang='lat' dir='ltr'><strong>autem</strong></span> <span class='ocrx_word' id='word_1_4' title='bbox 405 340 489 407; x_wconf 88' lang='lat' dir='ltr'><strong>haee</strong></span> <span class='ocrx_word' id='word_1_5' title='bbox 509 349 634 408; x_wconf 84' lang='lat' dir='ltr'><strong>tantmn</strong></span> <span class='ocrx_word' id='word_1_6' title='bbox 656 341 698 407; x_wconf 91' lang='lat' dir='ltr'><strong>de</strong></span> <span class='ocrx_word' id='word_1_7' title='bbox 721 340 777 406; x_wconf 94' lang='lat' dir='ltr'><strong>illo</strong></span> <span class='ocrx_word' id='word_1_8' title='bbox 789 338 906 425; x_wconf 79' lang='lat' dir='ltr'><strong>dicatu,</strong></span> <span class='ocrx_word' id='word_1_9' title='bbox 919 340 1015 429; x_wconf 87' lang='lat' dir='ltr'><strong>quod,</strong></span> <span class='ocrx_word' id='word_1_10' title='bbox 1031 346 1204 426; x_wconf 83' lang='lat' dir='ltr'><strong>antequam</strong></span> <span class='ocrx_word' id='word_1_11' title='bbox 1218 337 1272 404; x_wconf 92' lang='lat' dir='ltr'><strong>hic</strong></span> <span class='ocrx_word' id='word_1_12' title='bbox 1287 360 1359 403; x_wconf 86' lang='lat' dir='ltr'><strong>con·</strong></span> 
     </span>
     <span class='ocr_line' id='line_1_3' title="bbox 73 443 1360 529; baseline -0.004 -15"><span class='ocrx_word' id='word_1_13' title='bbox 73 455 194 514; x_wconf 85' lang='lat' dir='ltr'><strong>ventus</strong></span> <span class='ocrx_word' id='word_1_14' title='bbox 215 447 380 511; x_wconf 89' lang='lat' dir='ltr'><strong>institutus</strong></span> <span class='ocrx_word' id='word_1_15' title='bbox 402 447 474 528; x_wconf 86' lang='lat' dir='ltr'><strong>fuit,</strong></span> <span class='ocrx_word' id='word_1_16' title='bbox 498 454 531 510; x_wconf 88' lang='lat' dir='ltr'><strong>et</strong></span> <span class='ocrx_word' id='word_1_17' title='bbox 550 445 606 512; x_wconf 91' lang='lat' dir='ltr'><strong>ille</strong></span> <span class='ocrx_word' id='word_1_18' title='bbox 627 447 663 510; x_wconf 95' lang='lat' dir='ltr'><strong>in</strong></span> <span class='ocrx_word' id='word_1_19' title='bbox 684 445 979 511; x_wconf 78' lang='lat' dir='ltr'>administratorem</span> <span class='ocrx_word' id='word_1_20' title='bbox 1009 443 1227 529; x_wconf 86' lang='lat' dir='ltr'><strong>confirmatus,</strong></span> <span class='ocrx_word' id='word_1_21' title='bbox 1250 445 1360 511; x_wconf 86' lang='lat' dir='ltr'><strong>sedem</strong></span> 
     </span>
     <span class='ocr_line' id='line_1_4' title="bbox 72 549 1362 637; baseline -0.002 -20"><span class='ocrx_word' id='word_1_22' title='bbox 72 552 255 617; x_wconf 82' lang='lat' dir='ltr'><strong>Romanam</strong></span> <span class='ocrx_word' id='word_1_23' title='bbox 278 549 435 616; x_wconf 78' lang='lat' dir='ltr'><strong>radicitus</strong></span> <span class='ocrx_word' id='word_1_24' title='bbox 458 559 604 616; x_wconf 88' lang='lat' dir='ltr'><strong>evertere</strong></span> <span class='ocrx_word' id='word_1_25' title='bbox 626 550 765 617; x_wconf 86' lang='lat' dir='ltr'><strong>voluerit</strong></span> <span class='ocrx_word' id='word_1_26' title='bbox 787 559 819 614; x_wconf 90' lang='lat' dir='ltr'><strong>et</strong></span> <span class='ocrx_word' id='word_1_27' title='bbox 840 550 1001 637; x_wconf 77' lang='lat' dir='ltr'><strong>disjicere,</strong></span> <span class='ocrx_word' id='word_1_28' title='bbox 1022 571 1061 614; x_wconf 91' lang='lat' dir='ltr'><strong>ac</strong></span> <span class='ocrx_word' id='word_1_29' title='bbox 1082 562 1237 637; x_wconf 88' lang='lat' dir='ltr'><strong>quantum</strong></span> <span class='ocrx_word' id='word_1_30' title='bbox 1258 549 1362 637; x_wconf 90' lang='lat' dir='ltr'><strong>potuit</strong></span> 
     </span>
     <span class='ocr_line' id='line_1_5' title="bbox 70 652 1361 744; baseline -0.002 -22"><span class='ocrx_word' id='word_1_31' title='bbox 70 656 271 742; x_wconf 88' lang='lat' dir='ltr'><strong>vituperare,</strong></span> <span class='ocrx_word' id='word_1_32' title='bbox 304 664 451 744; x_wconf 91' lang='lat' dir='ltr'><strong>tempore</strong></span> <span class='ocrx_word' id='word_1_33' title='bbox 484 655 649 742; x_wconf 89' lang='lat' dir='ltr'><strong>magnifici</strong></span> <span class='ocrx_word' id='word_1_34' title='bbox 683 653 824 720; x_wconf 87' lang='lat' dir='ltr'><strong>doctoris</strong></span> <span class='ocrx_word' id='word_1_35' title='bbox 857 654 922 732; x_wconf 88' lang='lat' dir='ltr'><strong>(his</strong></span> <span class='ocrx_word' id='word_1_36' title='bbox 956 652 1065 720; x_wconf 86' lang='lat' dir='ltr'><strong>verbis</strong></span> <span class='ocrx_word' id='word_1_37' title='bbox 1098 655 1207 741; x_wconf 85' lang='lat' dir='ltr'><strong>utens)</strong></span> <span class='ocrx_word' id='word_1_38' title='bbox 1229 654 1361 719; x_wconf 87' lang='lat' dir='ltr'><strong>Martini</strong></span> 
     </span>
     <span class='ocr_line' id='line_1_6' title="bbox 70 758 1359 846; baseline 0.001 -22"><span class='ocrx_word' id='word_1_39' title='bbox 70 759 211 825; x_wconf 90' lang='lat' dir='ltr'><strong>Lutheri</strong></span> <span class='ocrx_word' id='word_1_40' title='bbox 232 758 537 845; x_wconf 88' lang='lat' dir='ltr'><strong>Wittembergensis</strong></span> <span class='ocrx_word' id='word_1_41' title='bbox 550 760 680 846; x_wconf 87' lang='lat' dir='ltr'><strong>saepius</strong></span> <span class='ocrx_word' id='word_1_42' title='bbox 695 760 729 823; x_wconf 90' lang='lat' dir='ltr'><strong>in</strong></span> <span class='ocrx_word' id='word_1_43' title='bbox 745 758 884 824; x_wconf 88' lang='lat' dir='ltr'><strong>ecclesia</strong></span> <span class='ocrx_word' id='word_1_44' title='bbox 897 759 1074 845; x_wconf 83' lang='lat' dir='ltr'><strong>Toynensi‚</strong></span> <span class='ocrx_word' id='word_1_45' title='bbox 1090 780 1149 846; x_wconf 93' lang='lat' dir='ltr'><strong>pro</strong></span> <span class='ocrx_word' id='word_1_46' title='bbox 1164 767 1241 824; x_wconf 90' lang='lat' dir='ltr'><strong>tunc</strong></span> <span class='ocrx_word' id='word_1_47' title='bbox 1256 761 1359 825; x_wconf 90' lang='lat' dir='ltr'><strong>direc-</strong></span> 
     </span>
     <span class='ocr_line' id='line_1_7' title="bbox 66 861 1359 951; baseline 0 -21"><span class='ocrx_word' id='word_1_48' title='bbox 66 873 121 930; x_wconf 85' lang='lat' dir='ltr'><strong>tor</strong></span> <span class='ocrx_word' id='word_1_49' title='bbox 147 865 304 947; x_wconf 76' lang='lat' dir='ltr'><strong>existens,</strong></span> <span class='ocrx_word' id='word_1_50' title='bbox 328 863 473 951; x_wconf 83' lang='lat' dir='ltr'><strong>quotidie</strong></span> <span class='ocrx_word' id='word_1_51' title='bbox 493 863 678 930; x_wconf 90' lang='lat' dir='ltr'><strong>mandando</strong></span> <span class='ocrx_word' id='word_1_52' title='bbox 700 861 829 950; x_wconf 94' lang='lat' dir='ltr'><strong>populo,</strong></span> <span class='ocrx_word' id='word_1_53' title='bbox 852 886 891 929; x_wconf 90' lang='lat' dir='ltr'><strong>ac</strong></span> <span class='ocrx_word' id='word_1_54' title='bbox 906 861 1072 927; x_wconf 90' lang='lat' dir='ltr'><strong>suadendo</strong></span> <span class='ocrx_word' id='word_1_55' title='bbox 1087 865 1121 927; x_wconf 91' lang='lat' dir='ltr'><strong>in</strong></span> <span class='ocrx_word' id='word_1_56' title='bbox 1137 865 1359 950; x_wconf 79' lang='lat' dir='ltr'><strong>concionibus,</strong></span> 
     </span>
     <span class='ocr_line' id='line_1_8' title="bbox 64 968 1360 1058; baseline 0.002 -25"><span class='ocrx_word' id='word_1_57' title='bbox 64 977 104 1033; x_wconf 92' lang='lat' dir='ltr'><strong>ut</strong></span> <span class='ocrx_word' id='word_1_58' title='bbox 125 969 236 1032; x_wconf 90' lang='lat' dir='ltr'><strong>Deum</strong></span> <span class='ocrx_word' id='word_1_59' title='bbox 259 978 395 1034; x_wconf 82' lang='lat' dir='ltr'><strong>exorent</strong></span> <span class='ocrx_word' id='word_1_60' title='bbox 416 992 474 1055; x_wconf 91' lang='lat' dir='ltr'><strong>pro</strong></span> <span class='ocrx_word' id='word_1_61' title='bbox 492 968 558 1052; x_wconf 92' lang='lat' dir='ltr'><strong>illo,</strong></span> <span class='ocrx_word' id='word_1_62' title='bbox 582 971 751 1034; x_wconf 84' lang='lat' dir='ltr'><strong>nominans</strong></span> <span class='ocrx_word' id='word_1_63' title='bbox 772 969 910 1034; x_wconf 90' lang='lat' dir='ltr'><strong>eundem</strong></span> <span class='ocrx_word' id='word_1_64' title='bbox 931 971 1037 1034; x_wconf 89' lang='lat' dir='ltr'><strong>virum</strong></span> <span class='ocrx_word' id='word_1_65' title='bbox 1060 977 1204 1034; x_wconf 76' lang='lat' dir='ltr'><strong>sanctam</strong></span> <span class='ocrx_word' id='word_1_66' title='bbox 1228 968 1360 1058; x_wconf 84' lang='lat' dir='ltr'><strong>(nempe</strong></span> 
     </span>
     <span class='ocr_line' id='line_1_9' title="bbox 66 1072 1359 1160; baseline -0.001 -21"><span class='ocrx_word' id='word_1_67' title='bbox 66 1072 264 1160; x_wconf 88' lang='lat' dir='ltr'><strong>Lutherum)</strong></span> <span class='ocrx_word' id='word_1_68' title='bbox 303 1082 335 1137; x_wconf 88' lang='lat' dir='ltr'><strong>et</strong></span> <span class='ocrx_word' id='word_1_69' title='bbox 367 1073 543 1155; x_wconf 83' lang='lat' dir='ltr'><strong>affirmans,</strong></span> <span class='ocrx_word' id='word_1_70' title='bbox 578 1072 665 1159; x_wconf 92' lang='lat' dir='ltr'><strong>quod</strong></span> <span class='ocrx_word' id='word_1_71' title='bbox 689 1073 780 1138; x_wconf 91' lang='lat' dir='ltr'><strong>Deus</strong></span> <span class='ocrx_word' id='word_1_72' title='bbox 802 1072 903 1137; x_wconf 91' lang='lat' dir='ltr'><strong>multa</strong></span> <span class='ocrx_word' id='word_1_73' title='bbox 924 1073 1011 1138; x_wconf 90' lang='lat' dir='ltr'><strong>bona</strong></span> <span class='ocrx_word' id='word_1_74' title='bbox 1032 1081 1165 1160; x_wconf 90' lang='lat' dir='ltr'><strong>propter</strong></span> <span class='ocrx_word' id='word_1_75' title='bbox 1186 1095 1359 1158; x_wconf 88' lang='lat' dir='ltr'><strong>personam</strong></span> 
     </span>
     <span class='ocr_line' id='line_1_10' title="bbox 64 1176 1359 1264; baseline 0.001 -22"><span class='ocrx_word' id='word_1_76' title='bbox 64 1176 215 1264; x_wconf 89' lang='lat' dir='ltr'><strong>ejusdem</strong></span> <span class='ocrx_word' id='word_1_77' title='bbox 237 1177 374 1261; x_wconf 75' lang='lat' dir='ltr'><strong>largitis</strong></span> <span class='ocrx_word' id='word_1_78' title='bbox 398 1178 449 1260; x_wconf 90' lang='lat' dir='ltr'><strong>sit,</strong></span> <span class='ocrx_word' id='word_1_79' title='bbox 471 1176 660 1242; x_wconf 90' lang='lat' dir='ltr'><strong>illuminans</strong></span> <span class='ocrx_word' id='word_1_80' title='bbox 681 1177 836 1264; x_wconf 92' lang='lat' dir='ltr'><strong>populum</strong></span> <span class='ocrx_word' id='word_1_81' title='bbox 858 1177 980 1241; x_wconf 89' lang='lat' dir='ltr'><strong>circum</strong></span> <span class='ocrx_word' id='word_1_82' title='bbox 1002 1176 1204 1243; x_wconf 79' lang='lat' dir='ltr'><strong>habitantem</strong></span> <span class='ocrx_word' id='word_1_83' title='bbox 1224 1178 1260 1240; x_wconf 93' lang='lat' dir='ltr'><strong>in</strong></span> <span class='ocrx_word' id='word_1_84' title='bbox 1275 1178 1359 1243; x_wconf 90' lang='lat' dir='ltr'><strong>veri·</strong></span> 
     </span>
     <span class='ocr_line' id='line_1_11' title="bbox 64 1278 1356 1367; baseline 0.001 -22"><span class='ocrx_word' id='word_1_85' title='bbox 64 1289 133 1345; x_wconf 90' lang='lat' dir='ltr'><strong>tate</strong></span> <span class='ocrx_word' id='word_1_86' title='bbox 155 1279 240 1365; x_wconf 91' lang='lat' dir='ltr'><strong>legis</strong></span> <span class='ocrx_word' id='word_1_87' title='bbox 263 1301 350 1346; x_wconf 88' lang='lat' dir='ltr'><strong>suae.</strong></span> <span class='ocrx_word' id='word_1_88' title='bbox 396 1278 642 1367; x_wconf 75' lang='lat' dir='ltr'><strong>Quamprimum</strong></span> <span class='ocrx_word' id='word_1_89' title='bbox 665 1291 773 1346; x_wconf 89' lang='lat' dir='ltr'><strong>autem</strong></span> <span class='ocrx_word' id='word_1_90' title='bbox 795 1279 1038 1345; x_wconf 87' lang='lat' dir='ltr'><strong>administrator</strong></span> <span class='ocrx_word' id='word_1_91' title='bbox 1059 1280 1163 1345; x_wconf 85' lang='lat' dir='ltr'><strong>factus</strong></span> <span class='ocrx_word' id='word_1_92' title='bbox 1185 1279 1255 1364; x_wconf 88' lang='lat' dir='ltr'><strong>fuit,</strong></span> <span class='ocrx_word' id='word_1_93' title='bbox 1277 1302 1356 1346; x_wconf 87' lang='lat' dir='ltr'><strong>mox</strong></span> 
     </span>
     <span class='ocr_line' id='line_1_12' title="bbox 69 1381 1355 1472; baseline 0 -23"><span class='ocrx_word' id='word_1_94' title='bbox 69 1384 206 1450; x_wconf 85' lang='lat' dir='ltr'><strong>tentatio</strong></span> <span class='ocrx_word' id='word_1_95' title='bbox 229 1381 425 1471; x_wconf 84' lang='lat' dir='ltr'><strong>cupiditatis,</strong></span> <span class='ocrx_word' id='word_1_96' title='bbox 451 1384 630 1472; x_wconf 80' lang='lat' dir='ltr'><strong>superbiae,</strong></span> <span class='ocrx_word' id='word_1_97' title='bbox 665 1384 797 1450; x_wconf 91' lang='lat' dir='ltr'><strong>honoris</strong></span> <span class='ocrx_word' id='word_1_98' title='bbox 820 1392 852 1449; x_wconf 92' lang='lat' dir='ltr'><strong>et</strong></span> <span class='ocrx_word' id='word_1_99' title='bbox 874 1404 978 1449; x_wconf 87' lang='lat' dir='ltr'><strong>vanae</strong></span> <span class='ocrx_word' id='word_1_100' title='bbox 994 1383 1099 1448; x_wconf 91' lang='lat' dir='ltr'><strong>laudis</strong></span> <span class='ocrx_word' id='word_1_101' title='bbox 1122 1384 1292 1466; x_wconf 90' lang='lat' dir='ltr'><strong>humanae,</strong></span> <span class='ocrx_word' id='word_1_102' title='bbox 1315 1405 1355 1449; x_wconf 89' lang='lat' dir='ltr'><strong>ac</strong></span> 
     </span>
     <span class='ocr_line' id='line_1_13' title="bbox 67 1487 1357 1576; baseline -0.002 -22"><span class='ocrx_word' id='word_1_103' title='bbox 67 1488 208 1554; x_wconf 84' lang='lat' dir='ltr'><strong>aliarum</strong></span> <span class='ocrx_word' id='word_1_104' title='bbox 240 1487 467 1553; x_wconf 87' lang='lat' dir='ltr'><strong>illecebrarum</strong></span> <span class='ocrx_word' id='word_1_105' title='bbox 497 1488 618 1576; x_wconf 89' lang='lat' dir='ltr'><strong>ubique</strong></span> <span class='ocrx_word' id='word_1_106' title='bbox 652 1490 793 1574; x_wconf 85' lang='lat' dir='ltr'><strong>vestigia</strong></span> <span class='ocrx_word' id='word_1_107' title='bbox 825 1488 971 1576; x_wconf 88' lang='lat' dir='ltr'><strong>ejusdem</strong></span> <span class='ocrx_word' id='word_1_108' title='bbox 995 1487 1200 1576; x_wconf 89' lang='lat' dir='ltr'><strong>sequebatur,</strong></span> <span class='ocrx_word' id='word_1_109' title='bbox 1224 1497 1257 1552; x_wconf 90' lang='lat' dir='ltr'><strong>et</strong></span> <span class='ocrx_word' id='word_1_110' title='bbox 1281 1510 1357 1553; x_wconf 89' lang='lat' dir='ltr'><strong>con-</strong></span> 
     </span>
     <span class='ocr_line' id='line_1_14' title="bbox 64 1592 1356 1681; baseline -0.002 -21"><span class='ocrx_word' id='word_1_111' title='bbox 64 1615 182 1660; x_wconf 87' lang='lat' dir='ltr'><strong>versus</strong></span> <span class='ocrx_word' id='word_1_112' title='bbox 213 1593 248 1658; x_wconf 90' lang='lat' dir='ltr'><strong>in</strong></span> <span class='ocrx_word' id='word_1_113' title='bbox 283 1601 408 1680; x_wconf 88' lang='lat' dir='ltr'><strong>partem</strong></span> <span class='ocrx_word' id='word_1_114' title='bbox 431 1593 529 1658; x_wconf 90' lang='lat' dir='ltr'><strong>aliam</strong></span> <span class='ocrx_word' id='word_1_115' title='bbox 563 1596 756 1660; x_wconf 90' lang='lat' dir='ltr'><strong>contrariam</strong></span> <span class='ocrx_word' id='word_1_116' title='bbox 778 1594 903 1680; x_wconf 88' lang='lat' dir='ltr'><strong>primae</strong></span> <span class='ocrx_word' id='word_1_117' title='bbox 937 1615 1027 1658; x_wconf 92' lang='lat' dir='ltr'><strong>more</strong></span> <span class='ocrx_word' id='word_1_118' title='bbox 1060 1593 1208 1678; x_wconf 84' lang='lat' dir='ltr'><strong>magistri</strong></span> <span class='ocrx_word' id='word_1_119' title='bbox 1240 1592 1356 1681; x_wconf 84' lang='lat' dir='ltr'><strong>Roky-</strong></span> 
     </span>
     <span class='ocr_line' id='line_1_15' title="bbox 66 1694 1356 1786; baseline -0.002 -23"><span class='ocrx_word' id='word_1_120' title='bbox 66 1697 163 1763; x_wconf 83' lang='lat' dir='ltr'><strong>czani</strong></span> <span class='ocrx_word' id='word_1_121' title='bbox 184 1707 217 1762; x_wconf 91' lang='lat' dir='ltr'><strong>et</strong></span> <span class='ocrx_word' id='word_1_122' title='bbox 238 1700 405 1763; x_wconf 88' lang='lat' dir='ltr'><strong>acerrimis</strong></span> <span class='ocrx_word' id='word_1_123' title='bbox 429 1699 522 1786; x_wconf 87' lang='lat' dir='ltr'><strong>quasi</strong></span> <span class='ocrx_word' id='word_1_124' title='bbox 544 1700 614 1786; x_wconf 90' lang='lat' dir='ltr'><strong>apri</strong></span> <span class='ocrx_word' id='word_1_125' title='bbox 637 1699 787 1764; x_wconf 87' lang='lat' dir='ltr'><strong>dentibus</strong></span> <span class='ocrx_word' id='word_1_126' title='bbox 809 1700 978 1764; x_wconf 87' lang='lat' dir='ltr'><strong>veritatem</strong></span> <span class='ocrx_word' id='word_1_127' title='bbox 991 1696 1113 1763; x_wconf 89' lang='lat' dir='ltr'><strong>claram</strong></span> <span class='ocrx_word' id='word_1_128' title='bbox 1135 1694 1258 1762; x_wconf 77' lang='lat' dir='ltr'><strong>Christi</strong></span> <span class='ocrx_word' id='word_1_129' title='bbox 1281 1718 1356 1762; x_wconf 92' lang='lat' dir='ltr'><strong>cor-</strong></span> 
     </span>
     <span class='ocr_line' id='line_1_16' title="bbox 62 1801 1357 1890; baseline 0 -24"><span class='ocrx_word' id='word_1_130' title='bbox 62 1802 156 1885; x_wconf 85' lang='lat' dir='ltr'><strong>rosit,</strong></span> <span class='ocrx_word' id='word_1_131' title='bbox 180 1811 213 1867; x_wconf 91' lang='lat' dir='ltr'><strong>et</strong></span> <span class='ocrx_word' id='word_1_132' title='bbox 234 1804 462 1868; x_wconf 88' lang='lat' dir='ltr'><strong>constitutione</strong></span> <span class='ocrx_word' id='word_1_133' title='bbox 483 1803 648 1868; x_wconf 91' lang='lat' dir='ltr'><strong>hominum</strong></span> <span class='ocrx_word' id='word_1_134' title='bbox 671 1826 711 1869; x_wconf 86' lang='lat' dir='ltr'><strong>ac</strong></span> <span class='ocrx_word' id='word_1_135' title='bbox 733 1802 883 1890; x_wconf 87' lang='lat' dir='ltr'><strong>exemplo</strong></span> <span class='ocrx_word' id='word_1_136' title='bbox 915 1801 1202 1889; x_wconf 87' lang='lat' dir='ltr'><strong>praedecessorum</strong></span> <span class='ocrx_word' id='word_1_137' title='bbox 1225 1823 1357 1866; x_wconf 90' lang='lat' dir='ltr'><strong>suorum</strong></span> 
     </span>
     <span class='ocr_line' id='line_1_17' title="bbox 64 1904 1352 1994; baseline 0.001 -24"><span class='ocrx_word' id='word_1_138' title='bbox 64 1907 260 1993; x_wconf 89' lang='lat' dir='ltr'><strong>injustorum</strong></span> <span class='ocrx_word' id='word_1_139' title='bbox 289 1906 448 1994; x_wconf 90' lang='lat' dir='ltr'><strong>judicum,</strong></span> <span class='ocrx_word' id='word_1_140' title='bbox 482 1906 524 1972; x_wconf 94' lang='lat' dir='ltr'><strong>ob</strong></span> <span class='ocrx_word' id='word_1_141' title='bbox 557 1907 701 1973; x_wconf 87' lang='lat' dir='ltr'><strong>favorem</strong></span> <span class='ocrx_word' id='word_1_142' title='bbox 734 1904 907 1970; x_wconf 90' lang='lat' dir='ltr'><strong>multorum</strong></span> <span class='ocrx_word' id='word_1_143' title='bbox 941 1905 1105 1970; x_wconf 91' lang='lat' dir='ltr'><strong>hominurn</strong></span> <span class='ocrx_word' id='word_1_144' title='bbox 1139 1905 1352 1990; x_wconf 88' lang='lat' dir='ltr'><strong>obumbravit,</strong></span> 
     </span>
     <span class='ocr_line' id='line_1_18' title="bbox 67 2008 1353 2098; baseline 0.001 -24"><span class='ocrx_word' id='word_1_145' title='bbox 67 2010 176 2096; x_wconf 84' lang='lat' dir='ltr'><strong>magis</strong></span> <span class='ocrx_word' id='word_1_146' title='bbox 199 2018 232 2074; x_wconf 90' lang='lat' dir='ltr'><strong>et</strong></span> <span class='ocrx_word' id='word_1_147' title='bbox 252 2012 356 2096; x_wconf 89' lang='lat' dir='ltr'><strong>magis</strong></span> <span class='ocrx_word' id='word_1_148' title='bbox 379 2010 472 2076; x_wconf 91' lang='lat' dir='ltr'><strong>malis</strong></span> <span class='ocrx_word' id='word_1_149' title='bbox 494 2009 795 2098; x_wconf 88' lang='lat' dir='ltr'><strong>appropinquando,</strong></span> <span class='ocrx_word' id='word_1_150' title='bbox 818 2009 953 2074; x_wconf 88' lang='lat' dir='ltr'><strong>clericos</strong></span> <span class='ocrx_word' id='word_1_151' title='bbox 965 2009 1047 2074; x_wconf 89' lang='lat' dir='ltr'><strong>alios</strong></span> <span class='ocrx_word' id='word_1_152' title='bbox 1058 2008 1101 2074; x_wconf 90' lang='lat' dir='ltr'><strong>ad</strong></span> <span class='ocrx_word' id='word_1_153' title='bbox 1115 2009 1197 2073; x_wconf 88' lang='lat' dir='ltr'><strong>haec</strong></span> <span class='ocrx_word' id='word_1_154' title='bbox 1211 2013 1353 2077; x_wconf 88' lang='lat' dir='ltr'><strong>attraxit.</strong></span> 
     </span>
     <span class='ocr_line' id='line_1_19' title="bbox 69 2112 1355 2203; baseline 0.001 -25"><span class='ocrx_word' id='word_1_155' title='bbox 69 2113 147 2194; x_wconf 75' lang='lat' dir='ltr'><strong>Qua</strong></span> <span class='ocrx_word' id='word_1_156' title='bbox 168 2112 208 2180; x_wconf 91' lang='lat' dir='ltr'><strong>de</strong></span> <span class='ocrx_word' id='word_1_157' title='bbox 240 2137 338 2180; x_wconf 88' lang='lat' dir='ltr'><strong>causa</strong></span> <span class='ocrx_word' id='word_1_158' title='bbox 370 2115 467 2203; x_wconf 90' lang='lat' dir='ltr'><strong>paulo</strong></span> <span class='ocrx_word' id='word_1_159' title='bbox 499 2114 634 2180; x_wconf 89' lang='lat' dir='ltr'><strong>ulterius</strong></span> <span class='ocrx_word' id='word_1_160' title='bbox 667 2114 838 2179; x_wconf 87' lang='lat' dir='ltr'><strong>miraberis</strong></span> <span class='ocrx_word' id='word_1_161' title='bbox 872 2114 937 2178; x_wconf 90' lang='lat' dir='ltr'><strong>tale</strong></span> <span class='ocrx_word' id='word_1_162' title='bbox 958 2115 1198 2199; x_wconf 70' lang='lat' dir='ltr'><strong>magisterium,</strong></span> <span class='ocrx_word' id='word_1_163' title='bbox 1229 2114 1355 2179; x_wconf 90' lang='lat' dir='ltr'><strong>abhoc</strong></span> 
     </span>
     <span class='ocr_line' id='line_1_20' title="bbox 71 2216 1352 2307; baseline -0.001 -24"><span class='ocrx_word' id='word_1_164' title='bbox 71 2226 219 2305; x_wconf 89' lang='lat' dir='ltr'><strong>tempore</strong></span> <span class='ocrx_word' id='word_1_165' title='bbox 252 2219 338 2283; x_wconf 92' lang='lat' dir='ltr'><strong>enim</strong></span> <span class='ocrx_word' id='word_1_166' title='bbox 370 2220 544 2307; x_wconf 89' lang='lat' dir='ltr'><strong>plurimum</strong></span> <span class='ocrx_word' id='word_1_167' title='bbox 574 2219 752 2306; x_wconf 89' lang='lat' dir='ltr'><strong>incipiebat</strong></span> <span class='ocrx_word' id='word_1_168' title='bbox 783 2217 846 2284; x_wconf 91' lang='lat' dir='ltr'><strong>hoc</strong></span> <span class='ocrx_word' id='word_1_169' title='bbox 878 2216 1062 2283; x_wconf 86' lang='lat' dir='ltr'><strong>aedificium</strong></span> <span class='ocrx_word' id='word_1_170' title='bbox 1095 2218 1221 2304; x_wconf 90' lang='lat' dir='ltr'><strong>Pragae</strong></span> <span class='ocrx_word' id='word_1_171' title='bbox 1249 2239 1352 2283; x_wconf 82' lang='lat' dir='ltr'><strong>ruere</strong></span> 
     </span>
     <span class='ocr_line' id='line_1_21' title="bbox 60 2321 1355 2408; baseline 0.001 -22"><span class='ocrx_word' id='word_1_172' title='bbox 60 2321 148 2387; x_wconf 89' lang='lat' dir='ltr'><strong>Nam</strong></span> <span class='ocrx_word' id='word_1_173' title='bbox 169 2321 396 2388; x_wconf 76' lang='lat' dir='ltr'><strong>ille·Onabera</strong></span> <span class='ocrx_word' id='word_1_174' title='bbox 418 2323 659 2390; x_wconf 89' lang='lat' dir='ltr'><strong>administrator</strong></span> <span class='ocrx_word' id='word_1_175' title='bbox 680 2345 754 2389; x_wconf 87' lang='lat' dir='ltr'><strong>cum</strong></span> <span class='ocrx_word' id='word_1_176' title='bbox 766 2323 915 2389; x_wconf 91' lang='lat' dir='ltr'><strong>omnibus</strong></span> <span class='ocrx_word' id='word_1_177' title='bbox 926 2322 1028 2387; x_wconf 87' lang='lat' dir='ltr'><strong>ferme</strong></span> <span class='ocrx_word' id='word_1_178' title='bbox 1047 2321 1120 2386; x_wconf 90' lang='lat' dir='ltr'><strong>aliis</strong></span> <span class='ocrx_word' id='word_1_179' title='bbox 1135 2321 1355 2408; x_wconf 85' lang='lat' dir='ltr'><strong>Pragensibus</strong></span> 
     </span>
     <span class='ocr_line' id='line_1_22' title="bbox 59 2425 1351 2515; baseline -0.001 -24"><span class='ocrx_word' id='word_1_180' title='bbox 59 2426 192 2491; x_wconf 87' lang='lat' dir='ltr'><strong>clericis</strong></span> <span class='ocrx_word' id='word_1_181' title='bbox 214 2425 336 2492; x_wconf 91' lang='lat' dir='ltr'><strong>bellum</strong></span> <span class='ocrx_word' id='word_1_182' title='bbox 360 2428 533 2515; x_wconf 84' lang='lat' dir='ltr'><strong>spargebat</strong></span> <span class='ocrx_word' id='word_1_183' title='bbox 554 2428 688 2511; x_wconf 88' lang='lat' dir='ltr'><strong>tamdiu,</strong></span> <span class='ocrx_word' id='word_1_184' title='bbox 712 2429 815 2494; x_wconf 90' lang='lat' dir='ltr'><strong>donec</strong></span> <span class='ocrx_word' id='word_1_185' title='bbox 837 2449 895 2491; x_wconf 91' lang='lat' dir='ltr'><strong>suo</strong></span> <span class='ocrx_word' id='word_1_186' title='bbox 921 2435 1066 2512; x_wconf 88' lang='lat' dir='ltr'><strong>ternpore</strong></span> <span class='ocrx_word' id='word_1_187' title='bbox 1082 2447 1134 2489; x_wconf 91' lang='lat' dir='ltr'><strong>res</strong></span> <span class='ocrx_word' id='word_1_188' title='bbox 1150 2426 1184 2490; x_wconf 89' lang='lat' dir='ltr'><strong>in</strong></span> <span class='ocrx_word' id='word_1_189' title='bbox 1201 2425 1351 2490; x_wconf 85' lang='lat' dir='ltr'><strong>effectum</strong></span> 
     </span>
    </p>
   </div>
   <div class='ocr_carea' id='block_1_3' title="bbox 56 2529 346 2597">
    <p class='ocr_par' dir='ltr' id='par_1_3' title="bbox 56 2529 346 2597">
     <span class='ocr_line' id='line_1_23' title="bbox 56 2529 346 2597; baseline -0.014 0"><span class='ocrx_word' id='word_1_190' title='bbox 56 2529 177 2597; x_wconf 85' lang='lat' dir='ltr'><strong>fnisset</strong></span> <span class='ocrx_word' id='word_1_191' title='bbox 198 2530 346 2597; x_wconf 86' lang='lat' dir='ltr'><strong>deducta.</strong></span> 
     </span>
    </p>
   </div>
   <div class='ocr_carea' id='block_1_4' title="bbox 610 2666 809 2736">
    <p class='ocr_par' dir='ltr' id='par_1_4' title="bbox 610 2666 809 2736">
     <span class='ocr_line' id='line_1_24' title="bbox 610 2666 809 2736; baseline 0.01 -2"><span class='ocrx_word' id='word_1_192' title='bbox 610 2666 756 2734; x_wconf 76' lang='lat' dir='ltr'><strong>CAPUT</strong></span> <span class='ocrx_word' id='word_1_193' title='bbox 779 2669 809 2736; x_wconf 80' lang='lat' dir='ltr'><strong>l.</strong></span> 
     </span>
    </p>
   </div>
   <div class='ocr_carea' id='block_1_5' title="bbox 57 2796 1353 3051">
    <p class='ocr_par' dir='ltr' id='par_1_5' title="bbox 57 2796 1353 3051">
     <span class='ocr_line' id='line_1_25' title="bbox 57 2796 1353 2878; baseline 0.001 -21"><span class='ocrx_word' id='word_1_194' title='bbox 57 2796 122 2857; x_wconf 91' lang='lat' dir='ltr'><strong>Ubi</strong></span> <span class='ocrx_word' id='word_1_195' title='bbox 146 2796 322 2858; x_wconf 86' lang='lat' dir='ltr'><strong>nominatim</strong></span> <span class='ocrx_word' id='word_1_196' title='bbox 343 2806 483 2859; x_wconf 87' lang='lat' dir='ltr'><strong>notantur</strong></span> <span class='ocrx_word' id='word_1_197' title='bbox 503 2816 646 2876; x_wconf 84' lang='lat' dir='ltr'><strong>personae</strong></span> <span class='ocrx_word' id='word_1_198' title='bbox 679 2819 697 2858; x_wconf 91' lang='lat' dir='ltr'><strong>a</strong></span> <span class='ocrx_word' id='word_1_199' title='bbox 725 2820 796 2878; x_wconf 89' lang='lat' dir='ltr'><strong>rege</strong></span> <span class='ocrx_word' id='word_1_200' title='bbox 818 2797 849 2855; x_wconf 89' lang='lat' dir='ltr'><strong>in</strong></span> <span class='ocrx_word' id='word_1_201' title='bbox 871 2804 991 2857; x_wconf 89' lang='lat' dir='ltr'><strong>senatus</strong></span> <span class='ocrx_word' id='word_1_202' title='bbox 1013 2797 1111 2859; x_wconf 78' lang='lat' dir='ltr'><strong>officia</strong></span> <span class='ocrx_word' id='word_1_203' title='bbox 1144 2803 1262 2861; x_wconf 88' lang='lat' dir='ltr'><strong>electae.</strong></span> <span class='ocrx_word' id='word_1_204' title='bbox 1306 2801 1353 2859; x_wconf 89' lang='lat' dir='ltr'><strong>De</strong></span> 
     </span>
     <span class='ocr_line' id='line_1_26' title="bbox 59 2882 1349 2965; baseline 0.002 -22"><span class='ocrx_word' id='word_1_205' title='bbox 59 2882 201 2943; x_wconf 87' lang='lat' dir='ltr'><strong>comitiis</strong></span> <span class='ocrx_word' id='word_1_206' title='bbox 223 2885 333 2946; x_wconf 87' lang='lat' dir='ltr'><strong>habitis</strong></span> <span class='ocrx_word' id='word_1_207' title='bbox 356 2887 437 2946; x_wconf 85' lang='lat' dir='ltr'><strong>circa</strong></span> <span class='ocrx_word' id='word_1_208' title='bbox 464 2888 542 2946; x_wconf 92' lang='lat' dir='ltr'><strong>diem</strong></span> <span class='ocrx_word' id='word_1_209' title='bbox 564 2897 686 2949; x_wconf 87' lang='lat' dir='ltr'><strong>sanctae</strong></span> <span class='ocrx_word' id='word_1_210' title='bbox 707 2885 926 2965; x_wconf 87' lang='lat' dir='ltr'><strong>Margarethae,</strong></span> <span class='ocrx_word' id='word_1_211' title='bbox 960 2886 1082 2960; x_wconf 90' lang='lat' dir='ltr'><strong>etquid</strong></span> <span class='ocrx_word' id='word_1_212' title='bbox 1110 2888 1141 2946; x_wconf 90' lang='lat' dir='ltr'><strong>in</strong></span> <span class='ocrx_word' id='word_1_213' title='bbox 1164 2886 1225 2944; x_wconf 90' lang='lat' dir='ltr'><strong>illis</strong></span> <span class='ocrx_word' id='word_1_214' title='bbox 1248 2896 1349 2948; x_wconf 86' lang='lat' dir='ltr'><strong>actum</strong></span> 
     </span>
     <span class='ocr_line' id='line_1_27' title="bbox 135 2968 1236 3051; baseline 0.003 -23"><span class='ocrx_word' id='word_1_215' title='bbox 135 3039 140 3049; x_wconf 36' lang='grc' dir='ltr'>Ι</span> <span class='ocrx_word' id='word_1_216' title='bbox 185 2968 234 3033; x_wconf 88' lang='lat' dir='ltr'><strong>sit.</strong></span> <span class='ocrx_word' id='word_1_217' title='bbox 279 2972 327 3032; x_wconf 91' lang='lat' dir='ltr'><strong>De</strong></span> <span class='ocrx_word' id='word_1_218' title='bbox 348 2992 457 3051; x_wconf 90' lang='lat' dir='ltr'><strong>magna</strong></span> <span class='ocrx_word' id='word_1_219' title='bbox 479 2973 652 3036; x_wconf 88' lang='lat' dir='ltr'><strong>infidelitate</strong></span> <span class='ocrx_word' id='word_1_220' title='bbox 675 2982 703 3031; x_wconf 90' lang='lat' dir='ltr'><strong>et</strong></span> <span class='ocrx_word' id='word_1_221' title='bbox 725 2973 844 3032; x_wconf 88' lang='lat' dir='ltr'><strong>insidiis</strong></span> <span class='ocrx_word' id='word_1_222' title='bbox 867 2969 955 3030; x_wconf 90' lang='lat' dir='ltr'><strong>unius</strong></span> <span class='ocrx_word' id='word_1_223' title='bbox 978 2980 1079 3033; x_wconf 85' lang='lat' dir='ltr'><strong>contra</strong></span> <span class='ocrx_word' id='word_1_224' title='bbox 1101 2973 1236 3032; x_wconf 88' lang='lat' dir='ltr'><strong>alterum.</strong></span> 
     </span>
    </p>
   </div>
   <div class='ocr_carea' id='block_1_6' title="bbox 51 3150 1383 4808">
    <p class='ocr_par' dir='ltr' id='par_1_6' title="bbox 56 3150 1351 3759">
     <span class='ocr_line' id='line_1_28' title="bbox 144 3150 1351 3242; baseline -0.001 -24"><span class='ocrx_word' id='word_1_225' title='bbox 144 3150 229 3218; x_wconf 82' lang='lat' dir='ltr'><strong>Ourn</strong></span> <span class='ocrx_word' id='word_1_226' title='bbox 262 3153 398 3218; x_wconf 90' lang='lat' dir='ltr'><strong>intentio</strong></span> <span class='ocrx_word' id='word_1_227' title='bbox 431 3175 504 3218; x_wconf 90' lang='lat' dir='ltr'><strong>mea</strong></span> <span class='ocrx_word' id='word_1_228' title='bbox 526 3155 577 3237; x_wconf 91' lang='lat' dir='ltr'><strong>sit,</strong></span> <span class='ocrx_word' id='word_1_229' title='bbox 612 3155 693 3220; x_wconf 90' lang='lat' dir='ltr'><strong>nihil</strong></span> <span class='ocrx_word' id='word_1_230' title='bbox 717 3156 875 3239; x_wconf 90' lang='lat' dir='ltr'><strong>omittere,</strong></span> <span class='ocrx_word' id='word_1_231' title='bbox 907 3177 989 3241; x_wconf 91' lang='lat' dir='ltr'><strong>quae</strong></span> <span class='ocrx_word' id='word_1_232' title='bbox 1011 3176 1069 3242; x_wconf 94' lang='lat' dir='ltr'><strong>pro</strong></span> <span class='ocrx_word' id='word_1_233' title='bbox 1091 3154 1207 3219; x_wconf 82' lang='lat' dir='ltr'><strong>firturis</strong></span> <span class='ocrx_word' id='word_1_234' title='bbox 1230 3164 1351 3239; x_wconf 90' lang='lat' dir='ltr'><strong>tempo·</strong></span> 
     </span>
     <span class='ocr_line' id='line_1_29' title="bbox 62 3255 1349 3347; baseline 0.001 -26"><span class='ocrx_word' id='word_1_235' title='bbox 62 3255 155 3322; x_wconf 87' lang='lat' dir='ltr'><strong>ribus</strong></span> <span class='ocrx_word' id='word_1_236' title='bbox 179 3257 263 3321; x_wconf 85' lang='lat' dir='ltr'><strong>scitu</strong></span> <span class='ocrx_word' id='word_1_237' title='bbox 283 3259 468 3323; x_wconf 88' lang='lat' dir='ltr'><strong>necessaria</strong></span> <span class='ocrx_word' id='word_1_238' title='bbox 490 3267 573 3341; x_wconf 89' lang='lat' dir='ltr'><strong>sunt,</strong></span> <span class='ocrx_word' id='word_1_239' title='bbox 596 3259 673 3325; x_wconf 89' lang='lat' dir='ltr'><strong>hino</strong></span> <span class='ocrx_word' id='word_1_240' title='bbox 695 3282 833 3345; x_wconf 88' lang='lat' dir='ltr'><strong>aequum</strong></span> <span class='ocrx_word' id='word_1_241' title='bbox 848 3281 920 3324; x_wconf 89' lang='lat' dir='ltr'><strong>esse</strong></span> <span class='ocrx_word' id='word_1_242' title='bbox 929 3259 1087 3347; x_wconf 86' lang='lat' dir='ltr'><strong>judicavi,</strong></span> <span class='ocrx_word' id='word_1_243' title='bbox 1108 3259 1256 3323; x_wconf 89' lang='lat' dir='ltr'><strong>notitiam</strong></span> <span class='ocrx_word' id='word_1_244' title='bbox 1272 3257 1349 3322; x_wconf 86' lang='lat' dir='ltr'><strong>dare</strong></span> 
     </span>
     <span class='ocr_line' id='line_1_30' title="bbox 58 3357 1348 3452; baseline 0.002 -28"><span class='ocrx_word' id='word_1_245' title='bbox 58 3357 100 3425; x_wconf 93' lang='lat' dir='ltr'><strong>de</strong></span> <span class='ocrx_word' id='word_1_246' title='bbox 132 3362 346 3426; x_wconf 84' lang='lat' dir='ltr'><strong>renovatione</strong></span> <span class='ocrx_word' id='word_1_247' title='bbox 382 3371 511 3428; x_wconf 88' lang='lat' dir='ltr'><strong>senatus</strong></span> <span class='ocrx_word' id='word_1_248' title='bbox 544 3362 719 3448; x_wconf 88' lang='lat' dir='ltr'><strong>Pragensis</strong></span> <span class='ocrx_word' id='word_1_249' title='bbox 752 3372 827 3452; x_wconf 93' lang='lat' dir='ltr'><strong>post</strong></span> <span class='ocrx_word' id='word_1_250' title='bbox 847 3366 988 3452; x_wconf 90' lang='lat' dir='ltr'><strong>primum</strong></span> <span class='ocrx_word' id='word_1_251' title='bbox 1010 3361 1190 3427; x_wconf 88' lang='lat' dir='ltr'><strong>discessum</strong></span> <span class='ocrx_word' id='word_1_252' title='bbox 1211 3363 1348 3448; x_wconf 87' lang='lat' dir='ltr'><strong>regium,</strong></span> 
     </span>
     <span class='ocr_line' id='line_1_31' title="bbox 57 3463 1349 3556; baseline 0.001 -29"><span class='ocrx_word' id='word_1_253' title='bbox 57 3473 94 3528; x_wconf 93' lang='lat' dir='ltr'><strong>ut</strong></span> <span class='ocrx_word' id='word_1_254' title='bbox 123 3463 316 3548; x_wconf 87' lang='lat' dir='ltr'><strong>innoteseat,</strong></span> <span class='ocrx_word' id='word_1_255' title='bbox 350 3465 438 3551; x_wconf 91' lang='lat' dir='ltr'><strong>quod</strong></span> <span class='ocrx_word' id='word_1_256' title='bbox 470 3476 615 3553; x_wconf 88' lang='lat' dir='ltr'><strong>tempore</strong></span> <span class='ocrx_word' id='word_1_257' title='bbox 644 3477 805 3533; x_wconf 82' lang='lat' dir='ltr'><strong>rectorum</strong></span> <span class='ocrx_word' id='word_1_258' title='bbox 836 3467 1052 3556; x_wconf 88' lang='lat' dir='ltr'><strong>praefatorum</strong></span> <span class='ocrx_word' id='word_1_259' title='bbox 1074 3464 1228 3529; x_wconf 88' lang='lat' dir='ltr'><strong>tumultus</strong></span> <span class='ocrx_word' id='word_1_260' title='bbox 1249 3474 1282 3529; x_wconf 91' lang='lat' dir='ltr'><strong>et</strong></span> <span class='ocrx_word' id='word_1_261' title='bbox 1302 3466 1349 3529; x_wconf 91' lang='lat' dir='ltr'><strong>in-</strong></span> 
     </span>
     <span class='ocr_line' id='line_1_32' title="bbox 58 3566 1350 3659; baseline 0.002 -28"><span class='ocrx_word' id='word_1_262' title='bbox 58 3566 161 3633; x_wconf 84' lang='lat' dir='ltr'><strong>sidiae</strong></span> <span class='ocrx_word' id='word_1_263' title='bbox 189 3569 286 3632; x_wconf 87' lang='lat' dir='ltr'><strong>unius</strong></span> <span class='ocrx_word' id='word_1_264' title='bbox 319 3580 432 3634; x_wconf 85' lang='lat' dir='ltr'><strong>contra</strong></span> <span class='ocrx_word' id='word_1_265' title='bbox 463 3571 600 3636; x_wconf 85' lang='lat' dir='ltr'><strong>alterum</strong></span> <span class='ocrx_word' id='word_1_266' title='bbox 628 3572 754 3659; x_wconf 90' lang='lat' dir='ltr'><strong>Pragae</strong></span> <span class='ocrx_word' id='word_1_267' title='bbox 787 3573 874 3656; x_wconf 90' lang='lat' dir='ltr'><strong>inde,</strong></span> <span class='ocrx_word' id='word_1_268' title='bbox 909 3572 1002 3658; x_wconf 88' lang='lat' dir='ltr'><strong>quasi</strong></span> <span class='ocrx_word' id='word_1_269' title='bbox 1034 3569 1076 3634; x_wconf 92' lang='lat' dir='ltr'><strong>de</strong></span> <span class='ocrx_word' id='word_1_270' title='bbox 1098 3568 1187 3633; x_wconf 86' lang='lat' dir='ltr'><strong>fonte</strong></span> <span class='ocrx_word' id='word_1_271' title='bbox 1209 3569 1350 3654; x_wconf 88' lang='lat' dir='ltr'><strong>quodam</strong></span> 
     </span>
     <span class='ocr_line' id='line_1_33' title="bbox 56 3669 415 3759; baseline 0.017 -24"><span class='ocrx_word' id='word_1_272' title='bbox 56 3669 186 3736; x_wconf 88' lang='lat' dir='ltr'><strong>initium</strong></span> <span class='ocrx_word' id='word_1_273' title='bbox 209 3674 415 3759; x_wconf 82' lang='lat' dir='ltr'><strong>sumpserint.</strong></span> 
     </span>
    </p>

    <p class='ocr_par' dir='ltr' id='par_1_7' title="bbox 51 3773 1383 4808">
     <span class='ocr_line' id='line_1_34' title="bbox 143 3773 1346 3866; baseline 0.004 -27"><span class='ocrx_word' id='word_1_274' title='bbox 143 3773 324 3840; x_wconf 85' lang='lat' dir='ltr'><strong>Renovatio</strong></span> <span class='ocrx_word' id='word_1_275' title='bbox 353 3799 429 3842; x_wconf 83' lang='lat' dir='ltr'><strong>vero</strong></span> <span class='ocrx_word' id='word_1_276' title='bbox 453 3775 544 3861; x_wconf 90' lang='lat' dir='ltr'><strong>haec,</strong></span> <span class='ocrx_word' id='word_1_277' title='bbox 569 3780 652 3842; x_wconf 91' lang='lat' dir='ltr'><strong>sicut</strong></span> <span class='ocrx_word' id='word_1_278' title='bbox 674 3800 710 3842; x_wconf 91' lang='lat' dir='ltr'><strong>se</strong></span> <span class='ocrx_word' id='word_1_279' title='bbox 731 3780 819 3866; x_wconf 88' lang='lat' dir='ltr'><strong>ipsos</strong></span> <span class='ocrx_word' id='word_1_280' title='bbox 841 3787 936 3842; x_wconf 90' lang='lat' dir='ltr'><strong>antea</strong></span> <span class='ocrx_word' id='word_1_281' title='bbox 958 3779 1028 3841; x_wconf 88' lang='lat' dir='ltr'><strong>sine</strong></span> <span class='ocrx_word' id='word_1_282' title='bbox 1049 3782 1233 3864; x_wconf 88' lang='lat' dir='ltr'><strong>praesentia</strong></span> <span class='ocrx_word' id='word_1_283' title='bbox 1254 3781 1346 3865; x_wconf 86' lang='lat' dir='ltr'><strong>regia</strong></span> 
     </span>
     <span class='ocr_line' id='line_1_35' title="bbox 51 3877 1347 3969; baseline 0.003 -27"><span class='ocrx_word' id='word_1_284' title='bbox 51 3878 151 3965; x_wconf 87' lang='lat' dir='ltr'><strong>juxta</strong></span> <span class='ocrx_word' id='word_1_285' title='bbox 184 3877 392 3944; x_wconf 88' lang='lat' dir='ltr'><strong>donationem</strong></span> <span class='ocrx_word' id='word_1_286' title='bbox 423 3889 455 3946; x_wconf 92' lang='lat' dir='ltr'><strong>et</strong></span> <span class='ocrx_word' id='word_1_287' title='bbox 483 3883 621 3966; x_wconf 82' lang='lat' dir='ltr'><strong>gratiam</strong></span> <span class='ocrx_word' id='word_1_288' title='bbox 654 3883 735 3967; x_wconf 88' lang='lat' dir='ltr'><strong>ipsis</strong></span> <span class='ocrx_word' id='word_1_289' title='bbox 770 3883 888 3948; x_wconf 83' lang='lat' dir='ltr'><strong>factam</strong></span> <span class='ocrx_word' id='word_1_290' title='bbox 911 3881 1158 3969; x_wconf 88' lang='lat' dir='ltr'><strong>constituebant,</strong></span> <span class='ocrx_word' id='word_1_291' title='bbox 1181 3884 1267 3948; x_wconf 83' lang='lat' dir='ltr'><strong>facta</strong></span> <span class='ocrx_word' id='word_1_292' title='bbox 1289 3893 1347 3966; x_wconf 90' lang='lat' dir='ltr'><strong>est,</strong></span> 
     </span>
     <span class='ocr_line' id='line_1_36' title="bbox 56 3976 1344 4076; baseline 0.004 -31"><span class='ocrx_word' id='word_1_293' title='bbox 56 3981 91 4045; x_wconf 90' lang='lat' dir='ltr'><strong>in</strong></span> <span class='ocrx_word' id='word_1_294' title='bbox 113 3980 168 4046; x_wconf 90' lang='lat' dir='ltr'><strong>die</strong></span> <span class='ocrx_word' id='word_1_295' title='bbox 192 3976 230 4047; x_wconf 58' lang='lat' dir='ltr'><strong>S(</strong></span> <span class='ocrx_word' id='word_1_296' title='bbox 247 3982 398 4069; x_wconf 83' lang='lat' dir='ltr'><strong>Gregorii</strong></span> <span class='ocrx_word' id='word_1_297' title='bbox 419 3986 496 4049; x_wconf 87' lang='lat' dir='ltr'><strong>anni</strong></span> <span class='ocrx_word' id='word_1_298' title='bbox 519 3984 624 4072; x_wconf 89' lang='lat' dir='ltr'><strong>hujus,</strong></span> <span class='ocrx_word' id='word_1_299' title='bbox 651 3986 744 4052; x_wconf 80' lang='lat'><strong>1524.</strong></span> <span class='ocrx_word' id='word_1_300' title='bbox 790 3986 872 4051; x_wconf 86' lang='lat' dir='ltr'><strong>Sunt</strong></span> <span class='ocrx_word' id='word_1_301' title='bbox 901 3995 1008 4052; x_wconf 91' lang='lat' dir='ltr'><strong>autem</strong></span> <span class='ocrx_word' id='word_1_302' title='bbox 1039 3988 1162 4054; x_wconf 87' lang='lat' dir='ltr'><strong>electae</strong></span> <span class='ocrx_word' id='word_1_303' title='bbox 1185 4008 1344 4076; x_wconf 89' lang='lat' dir='ltr'><strong>personae</strong></span> 
     </span>
     <span class='ocr_line' id='line_1_37' title="bbox 57 4087 1348 4180; baseline 0.003 -31"><span class='ocrx_word' id='word_1_304' title='bbox 57 4093 240 4170; x_wconf 85' lang='lat' dir='ltr'><strong>sequentes,</strong></span> <span class='ocrx_word' id='word_1_305' title='bbox 259 4087 480 4173; x_wconf 89' lang='lat' dir='ltr'><strong>juramentum</strong></span> <span class='ocrx_word' id='word_1_306' title='bbox 493 4110 512 4152; x_wconf 89' lang='lat' dir='ltr'><strong>a</strong></span> <span class='ocrx_word' id='word_1_307' title='bbox 527 4092 756 4155; x_wconf 88' lang='lat' dir='ltr'><strong>communitate</strong></span> <span class='ocrx_word' id='word_1_308' title='bbox 772 4093 1003 4178; x_wconf 88' lang='lat' dir='ltr'><strong>suscipientes:</strong></span> <span class='ocrx_word' id='word_1_309' title='bbox 1026 4091 1183 4180; x_wconf 84' lang='lat' dir='ltr'><strong>Magister</strong></span> <span class='ocrx_word' id='word_1_310' title='bbox 1203 4092 1348 4158; x_wconf 87' lang='lat' dir='ltr'><strong>Joannes</strong></span> 
     </span>
     <span class='ocr_line' id='line_1_38' title="bbox 56 4188 1344 4282; baseline 0.004 -28"><span class='ocrx_word' id='word_1_311' title='bbox 56 4188 184 4255; x_wconf 85' lang='lat' dir='ltr'><strong>Passek</strong></span> <span class='ocrx_word' id='word_1_312' title='bbox 213 4190 255 4255; x_wconf 90' lang='lat' dir='ltr'><strong>de</strong></span> <span class='ocrx_word' id='word_1_313' title='bbox 288 4191 402 4277; x_wconf 89' lang='lat' dir='ltr'><strong>Wrat,</strong></span> <span class='ocrx_word' id='word_1_314' title='bbox 435 4193 589 4258; x_wconf 88' lang='lat' dir='ltr'><strong>Nicolaus</strong></span> <span class='ocrx_word' id='word_1_315' title='bbox 619 4193 763 4278; x_wconf 81' lang='lat' dir='ltr'><strong>Schorff,</strong></span> <span class='ocrx_word' id='word_1_316' title='bbox 796 4196 914 4282; x_wconf 84' lang='lat' dir='ltr'><strong>Zygka</strong></span> <span class='ocrx_word' id='word_1_317' title='bbox 954 4197 1040 4262; x_wconf 92' lang='lat' dir='ltr'><strong>lanio</strong></span> <span class='ocrx_word' id='word_1_318' title='bbox 1076 4196 1344 4271; x_wconf 82' lang='lat' dir='ltr'><strong>Waniozkovius‚</strong></span> 
     </span>
     <span class='ocr_line' id='line_1_39' title="bbox 56 4294 1343 4390; baseline 0.001 -29"><span class='ocrx_word' id='word_1_319' title='bbox 56 4294 180 4361; x_wconf 88' lang='lat' dir='ltr'><strong>Daniel</strong></span> <span class='ocrx_word' id='word_1_320' title='bbox 201 4295 300 4380; x_wconf 83' lang='lat' dir='ltr'><strong>Reus,</strong></span> <span class='ocrx_word' id='word_1_321' title='bbox 323 4299 480 4382; x_wconf 89' lang='lat' dir='ltr'><strong>magister</strong></span> <span class='ocrx_word' id='word_1_322' title='bbox 499 4298 713 4366; x_wconf 89' lang='lat' dir='ltr'><strong>Wenceslaus</strong></span> <span class='ocrx_word' id='word_1_323' title='bbox 735 4299 967 4385; x_wconf 84' lang='lat' dir='ltr'><strong>Danielowicz,</strong></span> <span class='ocrx_word' id='word_1_324' title='bbox 990 4303 1145 4390; x_wconf 90' lang='lat' dir='ltr'><strong>magister</strong></span> <span class='ocrx_word' id='word_1_325' title='bbox 1160 4300 1343 4388; x_wconf 81' lang='lat' dir='ltr'><strong>Brykcnius</strong></span> 
     </span>
     <span class='ocr_line' id='line_1_40' title="bbox 52 4397 1344 4492; baseline 0.003 -31"><span class='ocrx_word' id='word_1_326' title='bbox 52 4397 269 4483; x_wconf 75' lang='lat' dir='ltr'><strong>Rnehacnielr,</strong></span> <span class='ocrx_word' id='word_1_327' title='bbox 307 4400 402 4465; x_wconf 88' lang='lat' dir='ltr'><strong>Vitus</strong></span> <span class='ocrx_word' id='word_1_328' title='bbox 439 4402 653 4492; x_wconf 85' lang='lat' dir='ltr'><strong>Sohipeoahy,</strong></span> <span class='ocrx_word' id='word_1_329' title='bbox 685 4405 827 4470; x_wconf 86' lang='lat' dir='ltr'><strong>Thomas</strong></span> <span class='ocrx_word' id='word_1_330' title='bbox 860 4406 1031 4472; x_wconf 90' lang='lat' dir='ltr'><strong>Zaohlubil</strong></span> <span class='ocrx_word' id='word_1_331' title='bbox 1063 4407 1164 4488; x_wconf 89' lang='lat' dir='ltr'><strong>faber,</strong></span> <span class='ocrx_word' id='word_1_332' title='bbox 1201 4405 1344 4469; x_wconf 77' lang='lat' dir='ltr'><strong>loannes</strong></span> 
     </span>
     <span class='ocr_line' id='line_1_41' title="bbox 53 4502 1345 4597; baseline 0.002 -30"><span class='ocrx_word' id='word_1_333' title='bbox 53 4502 191 4567; x_wconf 85' lang='lat' dir='ltr'><strong>Karban</strong></span> <span class='ocrx_word' id='word_1_334' title='bbox 224 4506 418 4589; x_wconf 85' lang='lat' dir='ltr'><strong>stannarius,</strong></span> <span class='ocrx_word' id='word_1_335' title='bbox 451 4506 595 4572; x_wconf 83' lang='lat' dir='ltr'><strong>Joanues</strong></span> <span class='ocrx_word' id='word_1_336' title='bbox 627 4508 778 4595; x_wconf 81' lang='lat' dir='ltr'><strong>Erazym,</strong></span> <span class='ocrx_word' id='word_1_337' title='bbox 820 4509 980 4597; x_wconf 79' lang='lat' dir='ltr'><strong>Georgius</strong></span> <span class='ocrx_word' id='word_1_338' title='bbox 1014 4512 1156 4596; x_wconf 86' lang='lat' dir='ltr'><strong>Schwik,</strong></span> <span class='ocrx_word' id='word_1_339' title='bbox 1190 4510 1345 4593; x_wconf 87' lang='lat' dir='ltr'><strong>magister</strong></span> 
     </span>
     <span class='ocr_line' id='line_1_42' title="bbox 54 4604 1354 4699; baseline 0.002 -29"><span class='ocrx_word' id='word_1_340' title='bbox 54 4604 249 4694; x_wconf 84' lang='lat' dir='ltr'><strong>Brykozius,</strong></span> <span class='ocrx_word' id='word_1_341' title='bbox 271 4607 486 4673; x_wconf 89' lang='lat' dir='ltr'><strong>Wenceslaus</strong></span> <span class='ocrx_word' id='word_1_342' title='bbox 510 4610 617 4695; x_wconf 89' lang='lat' dir='ltr'><strong>Lewa,</strong></span> <span class='ocrx_word' id='word_1_343' title='bbox 646 4611 791 4677; x_wconf 80' lang='lat' dir='ltr'><strong>loannes</strong></span> <span class='ocrx_word' id='word_1_344' title='bbox 817 4613 1005 4699; x_wconf 79' lang='lat' dir='ltr'><strong>Pernikarz,</strong></span> <span class='ocrx_word' id='word_1_345' title='bbox 1035 4616 1201 4682; x_wconf 87' lang='lat' dir='ltr'><strong>Henrious</strong></span> <span class='ocrx_word' id='word_1_346' title='bbox 1213 4615 1354 4690; x_wconf 48' lang='grc' dir='ltr'><strong>11661161ἢ</strong></span> 
     </span>
     <span class='ocr_line' id='line_1_43' title="bbox 52 4708 1383 4808; baseline 0.005 -34"><span class='ocrx_word' id='word_1_347' title='bbox 52 4708 231 4791; x_wconf 79' lang='lat' dir='ltr'><strong>Benessius</strong></span> <span class='ocrx_word' id='word_1_348' title='bbox 252 4710 333 4795; x_wconf 92' lang='lat' dir='ltr'><strong>Roh,</strong></span> <span class='ocrx_word' id='word_1_349' title='bbox 356 4711 515 4779; x_wconf 88' lang='lat' dir='ltr'><strong>Martinus</strong></span> <span class='ocrx_word' id='word_1_350' title='bbox 537 4713 645 4801; x_wconf 89' lang='lat' dir='ltr'><strong>Helm,</strong></span> <span class='ocrx_word' id='word_1_351' title='bbox 668 4715 801 4784; x_wconf 83' lang='lat' dir='ltr'><strong>Blasius</strong></span> <span class='ocrx_word' id='word_1_352' title='bbox 823 4719 992 4808; x_wconf 73' lang='lat' dir='ltr'><strong>pann&#39;riex</strong></span> <span class='ocrx_word' id='word_1_353' title='bbox 1012 4721 1058 4788; x_wconf 82' lang='lat' dir='ltr'><strong>he</strong></span> <span class='ocrx_word' id='word_1_354' title='bbox 1072 4719 1236 4785; x_wconf 58' lang='lat' dir='ltr'><strong>hernica,</strong></span> <span class='ocrx_word' id='word_1_355' title='bbox 1252 4709 1383 4774; x_wconf 53' lang='lat' dir='ltr'><strong>indm</strong></span> 
     </span>
    </p>
   </div>
   <div class='ocr_carea' id='block_1_7' title="bbox 0 0 1478 5040">
    <p class='ocr_par' dir='ltr' id='par_1_8' title="bbox 0 0 1478 5040">
     <span class='ocr_line' id='line_1_44' title="bbox 0 0 1478 5040; baseline 0 2"><span class='ocrx_word' id='word_1_356' title='bbox 0 0 1478 5040; x_wconf 95' lang='lat' dir='ltr'><strong> </strong></span> 
     </span>
    </p>
   </div>
  </div>
 </body>
</html>
