2948 5040
84 112 161 215 ιιι

83 313 193 379 Ιιιιιιιι
201 290 296 381 juste
316 286 441 365 eritne
462 309 527 357 non
549 310 731 381 possumus.
775 287 813 359 Si
840 310 920 357 sero
941 310 1001 357 ves
1029 288 1275 363 medeae-lea
1287 291 1392 355 ιιιιιο

91 395 245 463 mandato
269 395 402 485 scripto,
425 394 480 461 vel
502 407 653 481 oretenus
664 394 790 485 prolate
812 393 988 471 defendere
1023 403 1058 462 et
1078 417 1244 467 excusam
1253 393 1390 477 velletis,

95 511 128 569 et
150 499 253 569 literis
276 501 397 565 nostris
420 509 453 565 et
473 500 627 567 mandato
651 500 839 567 satisfacere
860 498 1002 583 nolletis,
1036 500 1241 584 mandamus,
1265 507 1305 567 ιιι
1322 496 1392 567 illu

94 626 252 696 personas
275 605 347 669 sine
376 626 468 671 mora
489 604 532 673 ad
562 628 622 673 nos
656 606 837 683 remittatis,
870 626 954 693 qnae
987 604 1083 673 vebis
1114 604 1171 673 illa
1203 602 1391 686 retulerunt,

93 707 180 798 quod
204 706 269 773 tale
291 707 480 774 mandatum
505 709 713 788 ediderimus,
743 718 781 775 ut
800 710 881 775 alias
903 718 1031 777 nostras
1060 709 1170 779 literas
1201 731 1271 776 non
1297 709 1391 781 aesli-

87 800 189 883 'metis
223 825 255 881 et
276 812 407 892 curetis,
444 813 562 901 quibus
586 813 717 883 tandem
749 835 809 880 nos
843 813 1041 880 voluntatem
1062 823 1207 881 nostram
1245 820 1390 879 oretenus

93 902 303 987 manifestare
327 915 545 1004 dignabimur.
571 917 734 1005 ¹Ideoque
766 927 938 985 noscentes
965 919 1003 983 in
1035 916 1086 983 bis
1122 916 1256 991 finalem
1285 913 1392 991 velun·

97 1031 365 1090 tatemncstram
388 1031 421 1086 et
442 1020 641 1106 mandatum,
663 1022 710 1087 ita
731 1043 790 1087 vos
814 1023 946 1109 geretis,
968 1021 1064 1088 aliter
1084 1042 1152 1087 non
1172 1019 1346 1102 facientes,
1367 1019 1391 1085 si

97 1118 354 1214 indignationem
377 1133 409 1189 et
432 1123 622 1211 disgratiam
643 1133 787 1192 nostram
808 1126 933 1213 regium
955 1126 1079 1193 evitare
1109 1124 1289 1192 volueritis.
1326 1123 1390 1189 Da·

93 1240 161 1305 tum
184 1231 298 1298 Budas
321 1229 375 1295 die
397 1228 431 1295 S.
443 1230 638 1318 Apolloniae
658 1231 796 1317 virginis
820 1230 990 1320 (sustu),
1013 1251 1098 1297 anno
1111 1229 1205 1309 1526,
1226 1228 1395 1317 regnorum

91 1347 275 1404 nostrorum
313 1334 504 1422 Hungariae
527 1344 560 1400 et
579 1334 758 1401 Bobemiae
778 1333 917 1402 decimo.
1016 1376 1019 1383 ι

109 1483 113 1492 ·
183 1441 335 1511 Secundo
357 1443 477 1509 missae
500 1452 575 1511 sunt
596 1443 711 1511 literae
733 1440 868 1519 senatui,
900 1461 1019 1528 nempe
1041 1437 1177 1521 consuli,
1207 1444 1242 1505 et
1275 1442 1396 1503 senate·

97 1549 189 1617 ribus
211 1547 442 1637 Pragensibus.
1210 1574 1213 1579 ·

292 1651 480 1720 [rudovicus
502 1652 570 1718 Dei·
589 1653 696 1740 gratu
717 1660 778 1720 etc
810 1696 813 1701 ·

181 1757 329 1841 Honesti,
351 1759 454 1824 nostri
475 1757 590 1824 fideles
614 1754 735 1824 dilecti.
778 1756 834 1825 Ex
867 1756 981 1839 literis¹
1002 1753 1096 1824 vobis
1117 1766 1148 1822 et
1170 1758 1392 1829 communitati

93 1870 223 1931 vestrae
245 1885 332 1929 nunc
355 1863 564 1947 transmissis,
599 1862 641 1928 de
664 1862 837 1929 discordiis
871 1859 947 1944 illis,
978 1881 1062 1947 quae
1094 1861 1180 1927 inter
1210 1884 1272 1928 vos
1306 1872 1392 1935 ortae

5 2032 15 2047 ,
94 1966 233 2051 fuerunt,
258 1990 340 2056 quae
363 1969 514 2034 voluntas
536 1976 648 2035 nostra
669 1969 705 2033 in
741 1966 792 2033 bis
808 1968 859 2050 sit,
882 1986 1061 2052 agnoscere
1092 1967 1265 2053 poteritis3
1287 1968 1395 2037 admo·

96 2094 211 2139 nemus
233 2073 333 2160 igitur
354 2094 433 2162 vos,
449 2081 486 2139 ιιι
505 2074 611 2162 primo
634 2094 704 2156 vos,
731 2082 843 2162 utpote
861 2074 963 2162 jurati
985 2072 1142 2146 officiales
1163 2077 1269 2143 nostri
1290 2077 1397 2145 volun·

94 2181 368 2257 tatincstraenon
393 2178 627 2249 contradicatis
640 2186 673 2242 et
693 2177 776 2244 alios
799 2199 911 2245 omnes
933 2177 976 2245 ad
997 2177 1061 2251 hoc
1072 2178 1213 2245 incitetis
1237 2190 1272 2247 et
1292 2181 1398 2251 adme·

93 2280 207 2368 neatis,
230 2293 266 2351 ιιι
288 2295 321 2349 ιι
341 2283 387 2349 illi
405 2285 505 2373 juxte
525 2281 727 2351 voluntatem
759 2292 904 2349 nostram
940 2291 973 2350 et
994 2282 1182 2349 mandatum
1215 2306 1335 2353 omnes
1366 2310 1396 2355 se

96 2402 222 2479 gerant,
247 2389 409 2455 mandatis
432 2389 551 2456 nostris
575 2410 634 2454 seu
655 2387 770 2455 edictis
792 2411 851 2476 pro
884 2399 961 2455 tunc
990 2410 1011 2453 a
1031 2385 1126 2455 nobis
1157 2386 1254 2455 editis
1286 2391 1396 2461 obedi·

94 2504 197 2578 entes,
220 2516 263 2559 ex
284 2493 479 2583 quibusdam
509 2494 616 2561 causis
640 2501 672 2560 et
700 2492 983 2560 informationibus
1013 2515 1049 2561 se
1082 2482 1146 2563 non
1184 2508 1391 2570 excusantes.

95 2594 133 2666 Si
154 2620 232 2666 vero
255 2600 327 2689 quis
351 2621 386 2687 se
408 2598 485 2666 huic
506 2598 692 2686 opposuerit
736 2607 769 2665 et
789 2597 893 2664 literis
921 2621 961 2665 ac
983 2598 1139 2666 voluntati
1164 2611 1298 2671 nostrae
1322 2627 1391 2670 ocn-

96 2703 480 2797 tradixerit,'quemlibet
502 2703 619 2770 horum
641 2700 736 2769 nobis
760 2703 868 2769 statim
884 2702 1088 2788 intimabitis,
1109 2726 1169 2773 nos
1191 2729 1271 2775 vero
1285 2710 1395 2793 talem,

94 2816 132 2877 ιιι
152 2807 247 2873 nobis
269 2808 483 2885 reluctantem
503 2810 620 2897 punire
632 2806 848 2893 dignabimur,
862 2817 894 2875 et
907 2808 1005 2875 talem
1020 2831 1158 2896 poenam
1172 2812 1202 2877 ei
1221 2811 1393 2901 imponere

93 2934 176 3007 quae
199 2913 229 2978 ei
250 2913 384 2979 minime
406 2910 560 3001 placebit.
603 2911 748 3000 Ideoque
781 2911 878 2977 talem
911 2913 1109 2981 veluntatem
1142 2924 1287 2983 nostram
1317 2939 1395 2985 nos·

94 3026 214 3102 centes,
237 3018 364 3107 vos—ita
386 3018 516 3107 geretis,
539 3018 623 3105 sieut
645 3015 738 3082 vobis
762 3015 905 3083 seribere
934 3016 1116 3104 dignamur,
1138 3018 1232 3090 aliter
1253 3043 1322 3088 non
1345 3022 1398 3089 fat·¹

94 3123 217 3213 cientes
239 3121 300 3212 sub
324 3122 499 3211 evitatipne
521 3120 755 3209 indignationis
777 3129 810 3187 et
824 3120 1000 3208 disgratiae
1021 3132 1159 3190 nostrae
1183 3122 1310 3203 Datum
1342 3126 1396 3195 die

96 3235 130 3292 et
143 3248 263 3311 anno,
269 3224 435 3317 utsupra.

361 3384 365 3393 ,
423 3383 426 3388 ,
1021 3329 1274 3400 Ludovicus
1287 3354 1361 3405 rex·

187 3418 253 3526 Hic
274 3408 390 3523 iterum
413 3433 569 3523 magister
590 3412 717 3499 Passek
738 3441 834 3512 tacet,
868 3455 931 3501 nec
953 3386 1145 3503 condrmare
1176 3437 1285 3522 audet,
1310 3437 1399 3529 qued

100 3521 251 3627 oretenus
273 3560 334 3603 rex
356 3538 516 3627 quaedam
540 3536 581 3603 de
603 3537 654 3602 bis
677 3538 880 3604 mandaverit
914 3549 947 3605 et
981 3541 1079 3607 inane
1114 3551 1174 3626 est,
1206 3564 1242 3609 se
1271 3543 1373 3611 diu
1362 3567 1399 3611 ιιι

98 3643 149 3711 bis
172 3622 269 3709 rebus
293 3643 357 3731 det
337 3652 449 3730 tmere.
486 3642 668 3730 Pragenses
692 3645 779 3709 enim
812 3645 909 3709 etiam
942 3647 977 3710 in
999 3644 1050 3711 his
1072 3649 1143 3733 regi
1176 3646 1392 3719 dominusne

97 3726 352 3839 submissionem
372 3770 438 3837 non
461 3747 689 3831 exhibuerunt,
712 3769 818 3836 neque
842 3748 883 3815 de
904 3748 956 3815 his
980 3750 1112 3816 solliciti
1133 3751 1273 3836 fuerunt,
1296 3776 1391 3840 prae·

96 3863 147 3921 ter
169 3850 369 3945 haec,quod
392 3874 412 3916 a
434 3852 689 3940 relegationibus
722 3856 867 3920 virorum
888 3863 921 3920 et
941 3855 1113 3922 mulierum
1143 3878 1210 3944 pro
1224 3857 1282 3926 illo
1304 3868 1389 3927 tem·

97 3981 176 4051 pore
199 3958 409 4023 cessaverint.
447 3956 575 4023 Passek
596 3979 675 4029 vero
697 3980 864 4046 nunquam
886 3980 985 4024 ausus
1006 3960 1067 4033 fuit
1088 3982 1199 4046 regem
1221 3962 1390 4045 accedere,

95 4073 131 4139 ut
152 4064 291 4151 eundem
315 4060 411 4153 hujus
433 4061 581 4151 mandati
605 4085 704 4129 causa
725 4061 910 4147 admoneat,
934 4063 1023 4148 quod
1046 4087 1081 4132 se
1103 4067 1273 4154 accepisse
1295 4067 1389 4137 dixit

100 4167 281 4252 Pragenses
306 4177 412 4231 autem
436 4166 479 4257 ad
501 4167 611 4257 priora
633 4168 756 4233 reversi
780 4175 865 4252 sunt,
900 4166 987 4257 quod
1020 4177 1149 4256 praeter
1179 4168 1401 4241 haecomnia.

95 4270 251 4367 quosdam
285 4272 373 4362 cives
405 4293 480 4337 suos
524 4272 803 4359 supranominatos
835 4273 942 4359 Praga
976 4273 1168 4361 expulerint,
1201 4278 1402 4362 praesertim-

94 4375 256 4470 quondam
281 4375 413 4465 nomine
434 4375 596 4459 Reginam
617 4376 825 4466 Lopatskin3
859 4386 933 4464 post
960 4376 1019 4444 bas
1040 4400 1120 4445 vero
1150 4398 1266 4445 omnes
1288 4383 1397 4468 regias

94 4480 204 4547 literas
230 4500 443 4599 praegressas
464 4482 621 4569 magister
643 4481 769 4547 Passek
792 4480 853 4547 sub
876 4481 950 4547 velo
973 4481 1100 4570 agebat,
1123 4482 1181 4549 illo
1202 4484 1293 4550 enim
1315 4494 1403 4557 tens

43 4626 45 4631 -
97 4606 185 4672 pore,
210 4585 297 4649 circa
319 4581 459 4651 diemS.
469 4585 706 4677 Margarethae
740 4585 946 4671 ann01524,
978 4589 1013 4652 in
1042 4589 1248 4676 praesentia
1262 4580 1400 4667 domini.

94 4687 225 4759 Artlebi
246 4686 288 4756 de
302 4685 459 4781 Moresia,
474 4688 629 4767 Stanislai
644 4692 790 4781 episcopt
779 4689 1040 4805 Olcmueensis,
1058 4702 1091 4761 et
1101 4691 1249 4769 Jeannis
1251 4677 1401 4791 Ziabkn
