2948 5040
1281 141 1353 212 1⁷1

66 325 158 415 quod
183 323 424 392 administrator
446 325 518 412 ipse
539 319 638 388 talem
659 320 792 388 missam
816 318 994 387 celebravit
1027 317 1148 386 Joanni
1181 315 1357 404 Nastogtae

62 433 132 499 civi
153 431 187 496 in
209 431 305 496 domo
328 428 483 519 ejusdem,
496 429 531 492 in
551 426 736 492 infirmitate
752 425 934 508 constituto,
950 422 1093 491 breviori
1104 444 1234 511 „nempe
1248 421 1356 506 modo,

62 539 138 602 sine
159 536 247 601 omni
270 536 357 600 enim
378 533 626 622 praeparatione
649 530 841 597 sacerdotali
876 529 1105 618 superpellicio
1137 527 1268 623 indutus
1302 547 1355 591 ao·

12 718 15 724 ,
62 642 166 707 cessit
186 660 332 704 mensam
353 637 397 703 ad
418 638 479 702 hoc
500 644 656 724 paratam,
688 634 888 700 benedicens
911 633 1015 699 solum
1038 634 1089 705 his
1112 632 1222 700 verbis
1246 653 1360 719 supra·-

62 746 205 832 scriptis‚
230 752 263 809 et
284 744 448 830 accipiens
463 762 589 829 panem·
604 748 664 807 etc.
688 739 827 805 eundem
844 761 922 805 mox
944 741 974 806 ei
987 739 1179 805 sumendum
1199 739 1355 828 porrexit,

62 850 175 916 nullus
197 857 305 914 tamen
329 847 377 913 illi
400 846 485 912 hanc
506 847 640 911 missam
663 843 836 911 Suevicam
860 866 933 910 esse
955 846 1143 933 appellavit.
1197 843 1356 926 Quamvis
1384 883 1387 887 -

62 962 174 1020 autem
195 952 378 1039 Pragenses
409 949 565 1036 quasdam
599 969 714 1014 causas
749 945 839 1014 leves
872 949 1121 1034 insinuaverint,
1152 971 1213 1036 pro
1246 947 1355 1013 multis

58 1066 177 1124 'tamen
200 1056 282 1121 haec
304 1054 411 1120 adhuc
432 1052 492 1118 sub
515 1051 589 1120 velo
611 1052 750 1129 fuerunt,
774 1054 828 1140 qui
844 1075 961 1140 nempe
977 1054 1148 1120 voluerunt
1163 1076 1355 1121 concurrere

64 1170 100 1228 et
122 1160 279 1249 adjuvare
301 1159 342 1224 ad
371 1180 483 1223 eorum
512 1157 638 1222 feroces
661 1178 699 1221 ao
741 1155 873 1222 rabidos
895 1156 1051 1223 tumultus
1081 1158 1181 1226 verbo
1205 1167 1237 1224 et
1258 1181 1357 1246 opere

44 1267 152 1332 -sicut
173 1265 231 1332 illi.
274 1264 318 1328 Et
339 1263 402 1329 hoc
424 1262 555 1350 ipsimet
575 1283 697 1354 pegare
729 1284 795 1328 non
827 1270 1010 1350 potuerunt,
1046 1263 1119 1329 aliis
1154 1263 1355 1352 objicientes,

65 1369 155 1459 quod
177 1369 219 1434 ad
241 1371 364 1435 curiam
386 1368 501 1434 armati
522 1389 588 1461 non
611 1368 810 1433 recurrerint
831 1368 915 1433 siout
937 1366 991 1433 alii
1025 1366 1099 1432 sine·
1126 1368 1214 1433 omni
1245 1365 1356 1432 debita

62 1497 185 1552 causa3
208 1474 293 1540 bene
315 1476 424 1562 itaque
447 1484 484 1541 ot¹
501 1476 675 1563 diligenter
695 1476 914 1561 adverterunt,
938 1477 994 1562 qui
1017 1475 1079 1542 sibi
1094 1479 1135 1543 ¹in
1158 1478 1355 1543 contrarium

64 1582 176 1668 quiete
196 1601 256 1668 pro
279 1578 365 1645 bono
388 1588 422 1646 et
444 1560 553 1647 debito
576 1581 675 1648 locuti
697 1590 785 1660 sunt,
808 1591 840 1646 et
863 1604 898 1647 se
927 1584 961 1647 in
993 1582 1116 1648 malitia
1142 1583 1353 1672 adjuvarunt,

60 1687 213 1752 'dicentes
236 1684 278 1750 de
299 1685 375 1769 illis,
398 1707 471 1751 oum
494 1685 639 1770 Judaeis,
663 1685 751 1774 quod
767 1709 809 1752 ex
824 1686 889 1753 illis
902 1689 976 1772 sint,
992 1689 1074 1754 sicut
1089 1697 1220 1754 sanctus
1233 1688 1349 1753 Petrus

60 1800 98 1857 'ot
121 1790 208 1879 quod
241 1789 362 1856 addicti
399 1792 465 1856 sint
492 1790 682 1858 Piclrhartis
697 1788 805 1879 Praga
828 1792 983 1881 expulsis,
1005 1790 1083 1858 hino
1105 1801 1141 1858 ut
1162 1792 1260 1858 etlam
1282 1812 1355 1857 oum

67 1895 189 1962 iisdem
210 1894 318 1981 Praga
340 1895 552 1983 expellantur.
597 1895 703 1962 Simul
726 1898 822 1962 etiam
859 1896 1017 1983 quosdam
1050 1897 1209 1985 parochos
1232 1918 1275 1961 ex
1295 1918 1354 1988 paf

64 2000 187 2068 rochiis
210 1999 302 2066 abiro
319 1996 498 2089 jusserunt,
522 2023 694 2086 excausa,
717 2000 818 2088 quod·
826 2000 908 2067 alios
932 2000 1103 2069 seditiosos
1129 2010 1162 2066 et
1176 2000 1352 2082 ¹tumultuo-

66 2127 122 2172 sos
143 2126 209 2172 non
231 2104 428 2194 adjuverint.

507 2401 605 2458 rrurs
624 2356 784 2459 sncurm
801 2403 909 2457 orror.
