2948 5040
1358 248 1365 259 Ι

101 356 147 405 ex
168 335 301 403 civitate
320 333 522 424 protruserit,
544 339 578 402 et
589 335 697 422 potius
711 333 775 402 hoc
789 333 923 401 sufferre
942 329 1039 418 elegi,
1062 348 1160 418 quam
1174 324 1400 395 sidebuisasta

100 447 214 528 turpes
235 439 366 507 illorum
387 439 645 507 inordinationes
665 438 823 524 adjuvare
845 441 959 504 sonus
988 433 1128 502 aliorum
1159 432 1399 513 innocentium

102 544 171 610 imo
192 565 246 609 me
279 543 406 631 subjeci
434 544 549 632 majori
570 542 709 627 damno,
745 544 839 631 cujus
869 560 923 606 me
952 537 1130 605 hodiedum
1151 559 1218 607 uon
1239 536 1396 628 poenitet.

101 647 213 736 Atque
234 647 293 716 tali
314 649 371 716 via
391 648 510 714 multos
532 648 615 715 alios
641 647 731 715 cives
752 646 796 713 ad
816 645 993 713 solutiones
1011 665 1076 732 -per
1096 640 1240 709 Judseos
1261 661 1398 730 persua·

101 752 242 831 debant,
275 754 341 820 imo
370 763 563 841 coegerant,
599 752 687 841 quod
716 750 850 840 quidam
871 751 1116 841 quinquaginta,
1149 746 1206 815 alii
1228 747 1400 834 sexaginta

103 879 287 944 sexagenas
307 855 525 946 deposuerint,
559 859 644 924 sicut
675 855 780 925 Jacob
802 855 901 942 Slaup
937 853 1060 920 lanioni
1084 853 1202 942 Zyka3
1235 850 1292 917 alii
1313 849 1398 939 plus,

103 961 162 1029 alii
182 963 290 1027 minus
311 982 416 1050 usque
438 962 481 1027 ad
503 970 633 1029 centurn
657 962 754 1028 etiam
777 980 959 1045 sexagenas
973 979 1033 1046 pro
1048 950 1197 1046 possibili
1218 976 1278 1023 suo
1300 953 1399 1023 dede·

102 1074 201 1152 runt3
224 1065 357 1154 quidam
390 1067 487 1133 etiam
519 1067 560 1133 ob
591 1064 749 1154 pudorem
771 1073 804 1130 et
823 1064 865 1131 ob
888 1071 1010 1129 metum
1031 1063 1169 1130 aliorum
1189 1058 1400 1129 manifestere

103 1170 289 1255 noluerunt,
313 1192 397 1258 quae
418 1171 497 1238 dare
520 1171 699 1238 debuerint.
1316 1246 1320 1251 ,

145 1330 148 1333 .
194 1273 446 1342 Observandum
470 1274 525 1341 hic
546 1284 596 1342 est
616 1298 662 1359 ex
681 1275 777 1342 dictis
797 1273 928 1340 illorum
950 1271 1159 1356 Judaeorum,
1182 1292 1257 1338 cum
1278 1269 1399 1359 promi·

106 1381 211 1447 serint
232 1401 268 1446 se
287 1381 374 1447 velle
395 1383 430 1447 in
458 1380 521 1447 hae
551 1390 644 1469 parte
674 1402 775 1469 agere
805 1388 839 1444 et
868 1379 998 1445 efficere
1020 1387 1093 1462 etc,
1116 1375 1203 1466 quod
1227 1377 1299 1464 jam
1327 1396 1400 1443 rem

104 1492 229 1552 certam
243 1486 364 1551 rescire
388 1484 559 1553 debuerint
579 1493 613 1552 et
628 1486 847 1575 praeviorum
866 1483 918 1549 his
939 1505 1048 1571 agere,
1071 1480 1214 1570 quiillos
1236 1488 1270 1547 et
1290 1480 1401 1549 omnia

104 1590 142 1656 in
171 1597 332 1677 potestate
365 1612 424 1656 sua
452 1589 638 1657 habuerunt
667 1591 702 1656 in
734 1591 868 1661 civitate
888 1588 969 1669 hac,
1004 1588 1114 1654 omnia
1145 1583 1232 1655 bona
1252 1606 1293 1653 ac
1312 1583 1400 1653 mals

103 1694 235 1782 agendi,
258 1695 401 1761 maxime
421 1716 540 1783 nempe
569 1713 643 1761 oum
671 1696 826 1781 magistro
858 1691 993 1776 Passek,
1026 1713 1101 1759 cum
1131 1689 1260 1757 lauione
1292 1689 1427 1776 ΖΜ·

109 1798 239 1865 Joanne
260 1796 407 1877 Karham
428 1798 556 1866 Thomu
568 1796 750 1882 Zaohlubil,
774 1797 869 1866 Gallo
886 1796 1043 1881 Ouahern,
1067 1805 1100 1862 et
1114 1816 1188 1861 oum
1199 1792 1273 1860 aliis
1288 1815 1399 1861 eorum

105 1902 267 1991 proximis
301 1901 515 1990 sequacibus,
548 1902 591 1968 ad
620 1923 756 1992 quorum
783 1923 898 1968 manus
926 1901 988 1970 hae
1022 1898 1198 1968 solutiones
1223 1896 1399 1967 aJudseis

105 2013 337 2099 pervenerunt.
850 2034 853 2041 ·

648 2195 795 2265 onruu
816 2160 869 2264 aa

109 2372 150 2432 In
171 2388 227 2449 quo
247 2373 427 2453 insinuatur,
450 2378 551 2454 quales
573 2377 627 2439 alii
648 2396 755 2439 causas
778 2376 904 2438 cuilibet
915 2376 1039 2439 seorsim
1051 2375 1284 2457 assignaverint,
1307 2393 1400 2454 quare

111 2478 151 2518 ex
173 2460 293 2522 civitate
314 2473 516 2527 amoveantur.
561 2466 700 2526 Tandem
722 2466 759 2526 de
780 2466 961 2544 quibusdam
982 2466 1082 2527 missis
1106 2464 1261 2540 Suevicis,
1294 2464 1400 2544 quales

71 2545 227 2621 ”luerint
249 2557 280 2608 et
300 2553 447 2628 quomodo
470 2555 609 2614 sacerdos
630 2552 782 2615 Martinus
804 2554 836 2613 in
855 2553 1029 2615 Bethlehem
1051 2571 1102 2614 eas
1124 2552 1280 2633 peregerit
1322 2553 1401 2612 Item

108 2633 182 2710 quid
203 2636 431 2700 administrator
452 2637 485 2700 in
507 2641 597 2702 domo
624 2640 792 2719 Nastogtas
814 2641 917 2720 egerit,
949 2641 1002 2701 ubi
1033 2641 1132 2721 prima·
1150 2639 1218 2700 viee
1237 2638 1400 2715 cucusum

276 2728 407 2788 secundo
429 2736 528 2789 autem
549 2728 623 2789 illud
645 2729 743 2789 denuo
764 2727 797 2788 in
820 2747 968 2797 venenum
989 2747 1108 2789 versum
1130 2725 1233 2788 fuerat.

198 2873 245 2941 Ut
265 2877 401 2945 cuilibet
421 2879 626 2946 innotescant
646 2878 771 2969 culpae,
804 2887 837 2946 et
863 2900 981 2946 causae
1003 2879 1046 2945 de
1068 2880 1200 2947 civitate
1222 2876 1395 2945 amotionis

104 2980 312 3065 quarundam
346 3006 569 3072 personarum,
603 2993 637 3053 et
664 2995 701 3052 ut
728 2987 857 3053 veritas
873 2985 1016 3052 totaliter
1036 3006 1102 3051 non
1128 2980 1265 3069 veletur,
1298 2984 1401 3049 itaut

107 3083 243 3151 suidam
266 3085 350 3153 forte
371 3088 539 3156 videretur
550 3090 716 3179 injustum,
740 3091 826 3179 quod
847 3111 958 3158 omnes
981 3091 1052 3156 sine
1068 3091 1174 3156 causis
1199 3087 1402 3178 praegressis

107 3191 211 3255 amoti
234 3198 267 3256 et
288 3190 330 3258 de
352 3193 484 3260 civitate
505 3195 593 3283 pulsi
613 3196 746 3280 fuerint,
777 3197 855 3263 hinc
877 3204 989 3263 notum
1012 3198 1055 3263 eit
1076 3194 1218 3275 cuilibet,
1251 3192 1402 3289 quodad

114 3292 275 3381 quosdam
297 3295 338 3362 de
360 3297 581 3385 Prsgcusibus
603 3300 794 3367 haecdicta
816 3302 947 3387 fuerim,
970 3290 1155 3390 etquidem
1177 3300 1221 3367 ad
1240 3301 1402 3367 Joannem

117 3397 281 3487 Ohyader,
303 3402 392 3500 quod
415 3425 458 3469 ex
479 3404 627 3471 ecclesiis
649 3406 786 3495 popinas
807 3406 916 3476 facere
938 3407 1087 3486 voluerit,
1111 3404 1262 3496 quodque
1284 3405 1319 3470 in
1339 3404 1401 3470 Be·

111 3503 260 3570 thlehem
282 3526 354 3572 esse
377 3509 490 3578 soleat.
531 3498 586 3576 Ad
607 3511 740 3579 Gallum
762 3510 803 3576 de
824 3512 913 3579 Rosa
935 3512 1057 3580 dictum
1090 3520 1149 3596 est,
1184 3532 1258 3576 eum
1278 3510 1401 3594 risisse,

109 3609 191 3689 dum
213 3611 271 3677 alii
291 3611 334 3678 ad
356 3613 478 3678 curiam
491 3617 606 3682 armati
628 3627 864 3705 processerunt.
907 3617 961 3684 Ad
982 3617 1266 3684 Bartholomaeum
1279 3613 1401 3697 Hrach,

111 3714 201 3804 quod
221 3727 297 3803 post
318 3717 488 3784 citationes
512 3742 547 3786 se
568 3719 611 3786 ad
627 3720 790 3809 judicium
812 3724 927 3789 sistere
949 3721 1099 3806 noluerit,
1133 3721 1188 3787 hic
1217 3719 1401 3788 carceribus

111 3820 296 3907 impositus,
318 3820 441 3888 ibidem
463 3824 586 3913 aliquot
607 3828 796 3914 septimanis
826 3828 976 3894 detentus
999 3835 1032 3892 et
1053 3826 1184 3893 tandem
1206 3848 1249 3893 ex
1270 3827 1402 3895 civitate

110 3931 237 3989 amotus
259 3923 330 3995 luit.
374 3926 429 3991 Ad
458 3927 688 3997 Wenceslaum
722 3914 889 4020 mouchy,
924 3930 1010 4020 quod
1043 3931 1199 3998 Suevicae
1228 3933 1346 4000 missas
1366 3935 1402 4000 in

108 4030 304 4097 Bethlehem
325 4032 590 4118 frequentaverit.
633 4033 687 4099 Ad
709 4036 817 4118 alium,
841 4035 927 4124 quod
940 4036 1083 4102 convitia
1094 4037 1300 4121 commiserit,
1324 4036 1403 4104 dum

109 4134 379 4201 diebusVenerie
402 4156 498 4202 caseo
521 4137 647 4204 cibatus
668 4139 774 4206 fuerit.
817 4138 871 4204 Ad
892 4139 1052 4226 Reginam
1074 4139 1289 4229 Lopatskyn,
1314 4141 1403 4230 quod

110 4239 326 4325 denegaverit
347 4242 433 4330 apud
458 4266 492 4308 se
515 4243 731 4310 diversorium
753 4243 832 4309 dare
853 4245 995 4333 principi
1016 4244 1145 4329 Gerolo,
1170 4268 1213 4311 ex
1235 4268 1284 4331 eo,
1314 4245 1402 4335 quod

107 4346 192 4414 illud
213 4348 441 4436 appromiserit
463 4348 593 4414 domino
617 4368 767 4436 supremo
790 4347 995 4414 cancellario.

196 4451 289 4517 Haec
312 4450 430 4516 etalio
463 4451 583 4517 similia
616 4460 691 4518 sunt
719 4451 866 4517 illatam
895 4453 1033 4540 grandia
1054 4453 1220 4538 scandala,
1243 4454 1285 4520 ob
1318 4476 1401 4543 quae
1440 4482 1443 4487 ·

108 4557 238 4644 Pragac
258 4554 380 4644 ubique
401 4555 475 4621 illos
503 4556 545 4622 de
576 4556 714 4640 haeresi,
748 4555 971 4645 blasphemiis,
1005 4566 1095 4623 secta
1127 4558 1336 4624 Pickhartica
1369 4567 1402 4625 et

109 4662 185 4728 aliis
208 4660 368 4727 similibus
389 4661 570 4748 arguebant
601 4662 832 4749 attingebant,
855 4684 936 4752 quas
958 4660 1039 4730 alias
1061 4685 1176 4730 causas
1198 4663 1400 4752 expulsionis

110 4766 155 4836 ob
170 4765 363 4838 brevitatem
376 4774 410 4835 et
425 4767 634 4837 evitationem
650 4768 877 4858 suspectionis,
899 4767 992 4858 quod
1009 4767 1099 4837 ahos
1112 4767 1267 4835 hudxhr'm
1277 4765 1420 4829 tamem
