2948 5040
1281 135 1347 213 tid

45 332 110 380 sua
138 313 315 383 divendere
349 313 391 381 ob
428 313 488 380 has
509 312 731 385 dissensiones
754 312 942 397 mandastis,
965 313 1080 381 scitoto
1102 313 1202 381 οιίαιιι
1232 313 1358 381 volun·

45 426 154 485 tatem
189 428 222 487 et
243 419 432 487 mandatum
453 419 607 486 Nostrum
635 440 717 502 esse,
750 440 793 483 nc
816 425 848 482 et
868 417 917 483 illi
939 417 1026 484 bona
1060 428 1119 488 s'ua
1127 416 1347 507 divendant,

45 522 110 589 sed
131 523 188 589 illa
211 534 341 592 servent
374 534 407 591 et
435 523 617 591 custodiant
604 531 775 608 tregant,
796 522 985 608 possideant
1006 534 1039 590 et
1058 524 1213 611 fruantur,
1244 525 1346 593 secla·
1377 548 1379 563 ¹

24 640 85 692 'so
119 649 311 716 quocunque
343 627 586 718 impedimento,
621 626 745 693 tamdiu
767 624 871 693 donoc
892 626 954 694 hae
976 650 1088 696 omnes
1108 631 1346 700 dissensiones

44 731 148 819 finem
166 728 396 822 adipiscantur
431 743 486 799 aut
524 734 756 821 compositione
792 732 957 799 amicabili
999 734 1069 801 vel'
1080 737 1170 823 J'usto
1210 737 1347 825 judicio.

46 836 154 904 Simul
189 839 297 923 etiam,
320 861 361 905 ne
394 839 477 905 ullos
500 839 638 927 amplius
662 860 705 904 ex
726 838 858 904 civitate
879 846 991 905 nostra
1010 839 1169 928 Pragensi
1194 866 1253 931 pro
1286 844 1348 912 boc

45 951 197 1029 tempore
229 942 270 1009 ob
300 942 359 1009 has
386 966 506 1010 ,causas
540 946 631 1010 exire
658 941 814 1030 jubeatis.
871 943 999 1011 Idcirco
1032 955 1204 1012 noscentes
1236 948 1344 1014 iubis

44 1045 237 1113 mandatum
258 1055 292 1113 et
312 1047 458 1115 nltimam
474 1048 673 1115 voluntatem
694 1049 857 1131 Nostram,
879 1050 927 1115 ita
947 1072 1006 1117 vos
1020 1052 1133 1138 gerite,
1159 1053 1244 1119 sicut
1270 1055 1347 1121 scri·

45 1152 157 1223 bimus
179 1161 212 1219 et
244 1153 366 1221 habere
386 1154 544 1238 volumus,
567 1153 662 1220 aliter
682 1153 929 1220 non-facientes.
973 1155 1095 1221 Datum
1123 1154 1238 1223 Budae
1275 1157 1348 1225 sab-

45 1257 149 1325 batho
180 1259 233 1324 die
256 1258 290 1328 S.
312 1258 498 1326 Lndmillaa
532 1259 590 1340 (16
612 1258 726 1348 Sept),
758 1282 843 1326 anno
869 1259 950 1326 1525
971 1281 1146 1349 regnorum
1166 1252 1349 1345 nostrorum

47 1366 233 1454 Hungarici
254 1377 288 1433 et
306 1367 476 1434 Bohemioi
499 1367 635 1436 decimo.

137 1472 305 1538 Secundes
328 1473 439 1538 literas
460 1475 549 1539 misit
571 1474 794 1540 communitati
816 1475 973 1561 Pragsnsi
995 1475 1031 1539 in
1053 1475 1104 1541 his
1125 1475 1259 1543 verbis:
1298 1518 1302 1523 -
1345 1506 1349 1513 ·

98 1630 101 1637 .
137 1576 296 1643 Honestis
319 1576 445 1643 consuli
480 1587 511 1642 et
534 1580 671 1662 senatui,
693 1600 733 1644 ac
755 1579 812 1643 toti
831 1579 1053 1645 communitati
1081 1578 1248 1668 Pragensi,
1271 1578 1349 1645 fide·

48 1680 137 1747 libus
160 1683 280 1747 nostris
302 1680 430 1747 dilectis
447 1683 585 1768 gratiam
606 1682 757 1748 Nostram
770 1683 905 1768 regiam,
929 1691 962 1748 et
982 1705 1078 1782 omne
1110 1684 1230 1751 bonum
1251 1685 1352 1772 signi·

48 1786 196 1852 ficamus.
238 1785 371 1852 Fideles
393 1788 496 1853 nostri
517 1787 638 1853 dilecti.
679 1789 871 1876 Postquam·
887 1787 1107 1855 dissensiones
1136 1799 1169 1855 et
1195 1790 1349 1856 tumultus

48 1892 137 1956 inter
147 1889 216 1956 Vos
228 1913 271 1956 ex
291 1914 366 1976 una,
380 1899 412 1958 et
434 1894 579 1980 captivos
602 1891 686 1976 illos,
703 1894 759 1980 qui
779 1895 815 1958 in
836 1915 983 1959 carceres
998 1903 1126 1960 nostros
1143 1894 1262 1959 inclusi
1282 1895 1349 1961 fue·

49 1988 137 2080 runt,
161 1996 281 2084 quiquo
304 2004 452 2084 tempore
470 1996 558 2061 illius
574 1997 729 2062 tumultus
745 2018 788 2061 ex
801 1998 931 2063 civitate
947 1998 1105 2084 Pragensi
1129 2006 1349 2083 excesserunt,

49 2109 145 2190 parte
168 2123 211 2166 ex
247 2099 348 2166 altera
389 2102 494 2166 exorti
528 2100 668 2185 fuerunt,
701 2111 834 2189 propter
857 2124 938 2189 quas
971 2113 1096 2168 vestras
1120 2102 1354 2192 dissensiones,

28 2206 294 2294 ,inquietudines
329 2215 361 2272 et
394 2205 619 2274 diversitates:
641 2229 700 2273 nos
722 2206 788 2273 illis
810 2202 959 2296 captivis,
982 2217 1079 2295 atque
1100 2208 1176 2290 illis,
1210 2210 1264 2291 qui
1293 2208 1367 2275 illo·

53 2309 240 2397 turbulento
262 2320 406 2399 tempore
429 2311 470 2376 de
493 2314 625 2379 civitate
646 2323 861 2396 recesserunt,
883 2312 1039 2378 mandare
1061 2312 1187 2399 dignati
1218 2312 1349 2396 luimus,

57 2422 95 2479 ut
115 2437 164 2481 res
185 2426 218 2482 et
238 2414 327 2482 bona
347 2439 415 2501 sua,
439 2439 521 2504 quae
544 2421 579 2486 in
601 2421 734 2486 civitate
756 2418 810 2484 vel
832 2440 933 2506 prope
965 2419 1129 2484 civitatem
1152 2418 1352 2504 Pragensem

52 2523 231 2612 possident,
255 2524 433 2592 divendant
455 2525 573 2591 etalio
596 2546 632 2590 se
654 2525 831 2592 conferant.
875 2525 952 2589 Post
974 2523 1060 2611 quod
1094 2531 1240 2588 nostrum
1262 2545 1352 2589 man·

53 2628 168 2696 datum
191 2631 384 2696 incarcerati
405 2630 463 2714 illi,
487 2630 565 2695 item
588 2631 645 2718 qui
666 2631 701 2694 in
722 2629 774 2694 his
802 2629 947 2695 dissidiis
972 2651 1019 2694 -ex
1041 2629 1173 2696 civitate
1195 2627 1353 2695 discesse-

54 2743 142 2818 runt,
165 2756 225 2800 nos
247 2728 450 2801 incessanter
483 2734 747 2822 imploraverunt,
782 2742 966 2798 asserentes
999 2754 1034 2798 se
1061 2734 1095 2797 in
1117 2733 1268 2800 omnibus
1290 2733 1351 2817 his,

53 2860 139 2928 qnae
162 2848 275 2905 contra
295 2839 369 2905 illos
392 2838 513 2926 scripta
542 2849 573 2903 et
596 2838 684 2903 dicta
716 2838 855 2921 fuerunt,
890 2859 963 2901 esse
993 2838 1193 2919 innocentes,
1227 2836 1349 2925 suppli·-

52 2953 167 3010 cantes
190 2967 250 3032 per
275 2944 382 3010 Deum
405 2952 438 3009 et
461 2965 616 3023 summam
635 2942 806 3030 justitiam,
829 2951 864 3007 ut
886 2940 959 3006 illos
972 2963 1015 3006 ax
1036 2949 1102 3006 tam
1115 2941 1231 3028 grandi
1254 2962 1353 3007 onere
1377 2988 1379 2993 -

53 3049 197 3116 liberare
221 3049 440 3137 dignaremur,
463 3051 519 3114 ita.
533 3057 568 3114 ut
588 3047 675 3114 bona
707 3070 766 3113 sua
795 3045 972 3113 divendere
1002 3038 1069 3111 non
1091 3056 1259 3133 cogantur,
1294 3045 1353 3113 scd

51 3158 88 3223 in
112 3159 318 3244 possessione
340 3158 469 3224 illorum
490 3166 524 3222 et
544 3179 644 3245 penas
674 3152 782 3243 proles
814 3175 888 3220 suas
910 3173 1100 3241 permanere
1135 3161 1167 3218 et
1198 3153 1255 3218 illa
1292 3174 1351 3218 cu·

53 3262 179 3328 stodire
212 3284 251 3328 ac
272 3262 337 3328 illis
359 3262 422 3328 irui
444 3263 580 3351 possint,
615 3260 839 3327 submittentes
873 3281 909 3325 so
943 3256 1094 3347 publicae
1126 3257 1283 3323 auditioni
1321 3265 1354 3322 et

50 3367 181 3456 judicio
204 3389 313 3434 coram
334 3367 436 3452 Nobis
461 3376 494 3432 et
524 3367 718 3433 consiliariis
748 3366 877 3447 nostris,
908 3367 961 3430 vel
991 3384 1100 3428 coram
1129 3362 1255 3450 judicio
1283 3362 1353 3427 uni*

54 3473 146 3538 versi
167 3474 271 3537 nostri
292 3474 385 3558 regni
404 3473 591 3556 Bohemiae‚
616 3481 671 3538 aut
693 3493 802 3537 coram
825 3468 893 3535 solo
917 3476 1001 3533 statu
1024 3467 1123 3552 civili,
1146 3467 1213 3551 ubi,
1238 3468 1266 3531 si
1296 3465 1353 3530 ali·

59 3576 140 3664 quid
156 3578 246 3664 juste
269 3586 380 3643 contra
402 3577 475 3643 illos
508 3577 680 3666 probatum
702 3578 800 3643 fuerit
834 3587 866 3642 et
904 3577 1171 3657 demonstratum,
1206 3573 1288 3638 sieut
1311 3569 1352 3636 de

55 3682 126 3748 illis
149 3691 250 3770 scrip
251 3692 361 3748 ume
348 3682 450 3749 dic
438 3693 505 3749 um
527 3683 597 3763 fuit,
575 3683 707 3770 tquod
730 3684 818 3748 omui
840 3703 964 3769 poenae
987 3704 1025 3746 se
1046 3680 1207 3768 subjicere
1239 3675 1351 3742 velint

54 3786 126 3853 Nos
149 3810 227 3855 vero
250 3789 385 3854 audient
372 3798 421 3854 tes
455 3788 537 3854 tales
567 3809 677 3853 eorum
699 3789 813 3875 justas
838 3787 1011 3875 petitiones
1059 3795 1092 3851 et
1123 3782 1353 3887 subjectiones,

60 3891 175 3959 nolent
163 3902 345 3980 tesque,ut
308 3893 493 3959 utalicui
479 3917 535 3977 Jus
537 3856 641 3958 titiain
676 3894 825 3982 poscenti
854 3900 1041 3979 contraagat
1042 3915 1096 3975 ur3
1129 3876 1270 3976 ideoque
1301 3880 1354 3955 ita

56 3995 144 4063 velle
167 3996 348 4083 dignamur,
373 4006 404 4062 et
425 3997 626 4080 mandamus,
649 3997 784 4063 attalia
806 3997 941 4064 dissidia
978 4006 1009 4061 ct
1041 3994 1223 4062 discordiae
1240 3994 1352 4082 primo

56 4099 109 4166 bis
139 4100 262 4167 'debitis
288 4100 450 4187 remediis,
486 4124 568 4190 quae
602 4100 695 4168 vobis
722 4105 850 4190 utrique
879 4102 965 4189 parti
998 4123 1018 4166 a
1045 4100 1147 4166 Nobis
1185 4100 1353 4164 intimatae

56 4214 144 4290 sunt,
178 4207 393 4274 amicabiliter
422 4217 665 4295 componantur.
723 4208 760 4273 Si
794 4215 903 4272 autem
932 4229 992 4295 per
1024 4200 1106 4273 baec
1127 4203 1236 4270 media
1269 4204 1352 4294 baec

56 4335 112 4378 res
143 4315 293 4401 componi
326 4336 392 4379 non
421 4314 574 4401 potuerit,
610 4311 818 4399 dignabimur
843 4312 900 4377 illa
922 4312 1031 4378 omnia
1053 4309 1095 4376 ad
1111 4311 1236 4397 J'ustam
1266 4307 1352 4396 diju-

58 4417 256 4484 dicationem
298 4418 436 4486 tradere.
507 4419 699 4505 Priusquam
737 4428 844 4485 autem
894 4418 976 4484 haec
1019 4416 1155 4483 dissidia
1191 4417 1354 4507 tollantur,
1427 4431 1429 4435 ·

57 4521 220 4602 volumus,
264 4545 308 4588 no
341 4522 389 4588 illi
426 4522 538 4591 domos
574 4548 638 4592 nec
673 4524 737 4590 alia
774 4546 833 4589 sua
870 4522 955 4590 bona
990 4521 1135 4589 vendere
1170 4530 1352 4606 teneantur,

57 4650 123 4695 nec
158 4628 322 4713 vendant,
362 4627 419 4694 ssd
455 4626 558 4695 libere
601 4631 658 4697 illa
701 4629 920 4733 inhabitantes
966 4628 1166 4727 custodiant,
1210 4635 1244 4693 et
1277 4626 1352 4694 illis

58 4733 229 4820 manto,
273 4741 306 4802 et
345 4755 365 4802 a
405 4732 494 4804 nullo
536 4732 603 4804 illis
638 4733 881 4826 impedimenta
899 4716 1115 4824 ponentis,
1140 4676 1262 4799 donas
1292 4730 1375 4792 *aas
