2948 5040
141 130 205 205 lte

138 324 251 373 mones
272 301 444 371 absolvere
463 300 683 391 permiserunt
704 307 738 371 et
765 299 956 390 tolerarunt,
978 303 1038 377 sed
1061 323 1243 375 samonem
1263 306 1437 377 interrum-

112 474 115 479 .
137 418 253 497 pentes
275 431 400 494 meum,
415 406 510 475 nobis
532 407 683 476 omnibus
704 420 897 496 responsum
918 408 1021 477 breve
1038 407 1318 499 dederimt-tale:
1355 413 1439 481 sicut

137 513 233 581 robis
256 513 389 598 dictum,
422 515 468 580 ita
490 511 679 579 conclusum
702 521 761 597 est,
792 522 825 578 et
846 512 1026 581 secundum
1050 513 1115 581 boo
1134 536 1195 602 pro
1215 512 1305 597 bono
1327 524 1440 587 vestro

137 639 198 685 vos
220 618 333 703 gerite.

671 803 819 871 OAPUT
851 805 904 871 27.

137 983 201 1047 Ubi
221 982 272 1045 bio
292 984 389 1044 bonus
423 984 472 1047 vir
504 993 534 1045 et
560 987 667 1049 author
695 983 784 1061 hujus
807 982 967 1045 chronicae
998 986 1036 1046 de
1066 1000 1099 1049 ss
1119 988 1186 1066 ipso
1210 995 1239 1049 et
1261 991 1300 1053 de
1324 990 1438 1053 actibus

138 1073 201 1132 suis
218 1071 332 1146 scribit,
356 1072 436 1146 quod
457 1073 649 1133 haecomnia
669 1072 714 1132 illi
736 1069 876 1132 sufficere
890 1090 951 1132 non
972 1075 1133 1152 potuerint.
1165 1076 1302 1152 thuod
1326 1078 1437 1139 Judaei

137 1159 257 1237 saepius
280 1159 319 1218 ad
343 1179 468 1221 uxorem
498 1179 583 1220 suam
612 1159 813 1234 accesserint,
836 1161 961 1219 eandem
991 1162 1194 1236 alloquentes:
1218 1165 1244 1223 si
1267 1165 1438 1240 quindecim

140 1264 305 1325 sexagenas
328 1265 503 1325 grossorum
527 1249 640 1307 eisdem
659 1246 809 1321 dederint,
832 1265 866 1305 se
887 1248 966 1307 velle
987 1247 1118 1324 efficere,
1151 1259 1185 1311 nt
1206 1251 1261 1312 ille
1284 1270 1356 1313 cnm
1378 1273 1436 1315 rna·

528 1336 589 1395 rito
611 1352 665 1395 sno
687 1335 807 1412 Pragae
827 1343 1034 1412 permaneant.

224 1484 318 1566 Quae
338 1484 419 1551 mihi
440 1485 526 1552 bene
547 1494 625 1551 nota
647 1493 732 1568 sunt,
754 1484 797 1549 do
818 1483 870 1549 his
894 1494 982 1551 certe
1011 1485 1155 1558 scribere
1184 1506 1337 1576 possum,
1372 1488 1435 1555 illis

137 1589 337 1676 temporibus
359 1590 485 1676 Pragae
509 1590 664 1672 existens,
689 1589 786 1653 etiam
809 1587 861 1653 his
883 1589 1013 1655 casibus
1036 1592 1194 1656 enarratis
1207 1614 1369 1679 praesens
1383 1593 1434 1658 fui.

133 1694 174 1761 In
196 1695 290 1761 annis
312 1696 399 1760 enim
420 1694 570 1763 virilibus
594 1695 674 1759 civis
696 1693 822 1778 Pragae
843 1693 901 1772 fui,
937 1698 1200 1762 sustentationem
1229 1705 1263 1760 et
1283 1695 1435 1762 alimenta

135 1820 215 1875 mea¹
231 1821 305 1865 oum
326 1821 429 1866 uxore
452 1808 484 1866 et
504 1796 650 1888 prolibus
673 1799 706 1863 in
730 1819 813 1886 pace
839 1815 1009 1887 quaerens,
1045 1802 1129 1866 sicut
1155 1800 1280 1865 homini
1301 1800 1434 1867 honesto

137 1905 301 1992 competit,
325 1925 439 1971 omnes
462 1887 571 1969 tamen
587 1924 680 1969 meae
697 1902 856 1969 honestae
880 1905 1033 1989 actiones,
1055 1926 1162 1992 neque
1183 1903 1366 1971 laudabilia
1386 1926 1434 1993 pe

137 2016 265 2075 rentum
289 2007 486 2098 (dequibus
509 2009 563 2076 hic
588 2008 715 2094 Pragae
736 2013 832 2096 natus
854 2007 916 2096 fui)
939 2030 1083 2074 meorum
1117 2017 1219 2096 gesta,
1240 2008 1335 2094 mihi,
1360 2011 1434 2076 aiom

135 2134 197 2180 nec
218 2113 291 2180 aliis
314 2114 464 2181 sufficere
487 2122 520 2179 et
539 2112 692 2202 opitulari
713 2120 872 2200 poterant

221 2220 295 2306 Ego
316 2221 415 2306 igitur
437 2218 544 2285 scriba
564 2216 835 2284 Bartholomaeus
857 2217 940 2285 haec
951 2218 1065 2304 gravia
1086 2224 1119 2282 et
1140 2215 1254 2283 odiosa
1276 2217 1432 2299 scribens,

136 2346 210 2392 cum
232 2323 304 2390 aliis
328 2344 484 2411 praesens
507 2320 607 2406 adfui,
630 2321 759 2410 quando
783 2323 865 2388 haec
891 2322 1003 2388 omnia
1018 2329 1091 2387 acta
1104 2319 1244 2405 fuerunt,
1267 2329 1303 2387 et
1324 2322 1430 2389 ultimo

136 2428 270 2496 tandem
293 2449 366 2493 cum
390 2426 463 2492 aliis
486 2448 568 2492 onus
590 2426 653 2492 hoc
675 2448 776 2514 grave
798 2434 930 2515 portare
952 2425 1063 2506 debui,
1087 2425 1164 2491 dum
1185 2433 1260 2513 post
1280 2426 1432 2492 tumultus

138 2535 199 2600 hos
221 2542 255 2600 et
276 2532 456 2598 discordias
478 2536 582 2619 primo
614 2533 702 2597 intra
723 2554 844 2598 annum
867 2553 909 2597 ex
932 2532 1064 2598 civitate
1086 2532 1288 2619 proscriptus
1311 2530 1372 2616 fui,
1392 2530 1430 2596 fo·

137 2639 248 2726 risque
270 2644 363 2703 extra
385 2635 549 2701 civitatem
571 2634 749 2724 perdurare
772 2635 881 2720 debui,
903 2635 1092 2723 relinquens
1110 2654 1252 2703 ‘exorem
1274 2644 1308 2701 et
1331 2636 1432 2727 proles

15 2731 18 2737 ⁵
135 2765 226 2809 meas
250 2764 324 2808 cum
346 2740 497 2808 omnibus
520 2743 602 2807 meis
625 2740 730 2825 bonis,
753 2762 813 2830 per
834 2763 937 2808 annos
958 2741 1028 2808 fere
1041 2748 1189 2829 quatuor,
1212 2749 1330 2808 contra
1353 2739 1434 2829 quod

136 2847 261 2917 nullum
281 2845 462 2912 remedium
485 2853 517 2911 ct
539 2846 628 2912 nulla
650 2869 726 2935 spes
750 2846 987 2932 inveniebatur,
1010 2846 1255 2935 praetersolam
1277 2848 1313 2913 in
1326 2846 1431 2915 Deum

136 2974 238 3041 spem.
283 2952 367 3018 Nam
390 2960 458 3017 tum
475 2951 561 3018 ¹haec
585 2952 655 3019 sola
677 2951 857 3019 consolatio
879 2952 941 3019 fuit
968 2952 1004 3016 in
1034 2951 1139 3018 dicto:
1177 2952 1233 3041 qui
1264 2950 1333 3036 dat,
1367 2951 1433 3019 dili·

137 3060 234 3144 gitur,
257 3058 401 3142 quinon
425 3056 490 3140 dat,
514 3059 639 3143 uritur3
663 3059 748 3123 sicut
769 3057 863 3122 multi
885 3055 1077 3145 pauperculi
1097 3056 1197 3122 scita
1210 3057 1294 3122 tueri
1317 3055 1433 3124 debus·

136 3170 221 3239 runt,
245 3170 277 3227 et
297 3159 403 3227 adhuc
423 3163 482 3230 vix
504 3164 538 3228 in
561 3163 632 3229 loco
655 3164 763 3251 quiete
796 3184 1008 3252 perseuerare
1029 3168 1213 3250 potnerunt,
1236 3170 1269 3227 et
1289 3160 1356 3229 hoo
1369 3163 1433 3252 qui·

137 3267 214 3334 dem
234 3265 409 3354 plurimum
439 3267 598 3354 quosdam
628 3268 710 3334 tales
740 3267 900 3352 crudeles,
936 3269 1100 3354 inquietos
1130 3265 1284 3350 reddidit,
1318 3288 1433 3357 nempe

137 3371 264 3438 Passsk
287 3393 361 3437 oum
384 3370 530 3459 ejusdem
553 3371 800 3456 confoederatis,
835 3371 922 3462 quod
948 3371 1060 3460 cupidi
1092 3369 1215 3436 fuerint
1234 3392 1384 3438 meorum
1405 3378 1434 3437 ct

139 3474 276 3543 aliorum
297 3475 466 3554 bonorum,
490 3499 574 3566 quae
588 3477 720 3543 tandem
735 3478 847 3543 ultimo
864 3498 923 3566 per
937 3475 1068 3542 fraudes
1082 3475 1184 3542 ferme
1199 3476 1308 3541 omnia
1328 3477 1432 3565 acqui·

139 3582 293 3664 siverunt,
318 3580 409 3666 cujus
431 3589 657 3667 argumentum
680 3581 742 3648 hoo
765 3590 835 3647 est:
866 3582 915 3647 illi
938 3582 1024 3646 enim
1046 3581 1177 3668 tyranni
1203 3580 1364 3669 quosdam
1378 3603 1433 3670 pro

139 3706 199 3752 sua
219 3695 311 3774 parte
333 3687 375 3751 ad
396 3687 478 3752 haec
494 3688 672 3774 'persuasos
695 3687 879 3753 habuerunt
899 3685 1061 3769 Judaeos,
1093 3686 1149 3774 qui
1170 3684 1236 3751 illis
1259 3688 1371 3753 omnia
1391 3687 1432 3752 si·

138 3789 229 3855 milia
249 3813 424 3878 procurare
446 3792 646 3874 studuerunt,
680 3803 713 3857 et
735 3792 867 3880 quidem
897 3791 952 3855 tali
981 3790 1093 3857 modo.
1125 3788 1274 3876 Contigit
1294 3790 1433 3878 quodam

137 3903 283 3982 tempore
305 3906 379 3962 ante
402 3919 510 3962 meum
521 3898 628 3984 Praga
641 3899 786 3981 exitum,'
804 3896 891 3984 quod
912 3904 979 3961 tres
1000 3894 1121 3960 Judaei
1145 3896 1277 3981 saepius
1298 3896 1343 3962 ad
1356 3918 1432 3963 uxo

137 4021 208 4064 rem
230 4022 345 4081 meam,
378 4002 413 4066 in
446 4002 563 4086 locum,
600 4001 657 4068 ubi
687 4025 762 4068 suas
785 4023 911 4066 merces
944 3999 1088 4066 vendere
1112 3999 1248 4084 solebat,
1269 4002 1429 4083 venerint,

139 4105 264 4172 occulto
285 4106 367 4173 haec
390 4116 532 4194 agentes.
553 4107 647 4173 Unus
663 4117 737 4195 post
749 4108 886 4173 alterum
902 4126 973 4170 eam
991 4105 1139 4188 accessit,
1162 4102 1251 4171 illam
1266 4104 1432 4194 alloquen-

138 4330 325 4400 grossorum
346 4317 597 4383 Bohemicorum
619 4316 709 4401 dare,
733 4340 767 4383 se
791 4319 922 4384 efficere
936 4318 1032 4400 velle,
1055 4317 1227 4402 utPragae
1241 4316 1338 4382 bonis
1353 4318 1431 4383 meis

137 4427 233 4485 utens
264 4444 458 4507 permanere
491 4424 629 4508 possim,
665 4425 736 4487 sine
770 4424 859 4488 omni
891 4421 1096 4489 incommodo
1125 4430 1159 4488 ct
1189 4420 1430 4509 impedimento.

136 4523 232 4589 Haec
253 4525 330 4589 dum
350 4524 432 4590 mihi
453 4548 536 4591 uxor
568 4526 716 4608 dixisset,
749 4526 918 4614 denegavi,
942 4550 1016 4593 cum
1037 4549 1112 4592 reus
1134 4548 1201 4593 non
1221 4527 1351 4612 fuerim,
1372 4546 1431 4594 nec

134 4628 321 4716 judicatus:
344 4629 475 4713 dicens,
498 4652 551 4695 me
573 4630 656 4696 nihil
677 4630 763 4698 velle
778 4631 956 4699 latrociniis
978 4637 1123 4724 ipsorum
1144 4633 1274 4700 addere.
1318 4631 1430 4719 Itaque

126 4741 251 4818 postea
271 4733 365 4806 brevi
386 4734 508 4807 factum
529 4735 601 4825 fuit,
623 4735 711 4828 qnod
724 4736 806 4806 baec
832 4740 1044 4810 contradictio
1066 4762 1119 4808 me
1142 4740 1214 4808 sine
1235 4737 1324 4811 omni
1339 4736 1430 4826 culpe
