2948 5040
1116 154 1120 162 ¹
1241 166 1347 249 'tbi

142 350 288 418 Tandem
310 349 408 419 dum
398 374 432 419 m
444 351 630 419 tercentus
652 348 885 460 detineremur,
910 351 1038 442 saepius
1060 350 1266 442 publicanos
1279 376 1354 422 con·

51 454 143 522 vitiis
166 456 275 521 affecit
308 465 339 523 et
361 458 564 543 contempsit,
587 456 742 546 populum
766 434 958 527 nonnanes
981 457 1166 561 concitavit,
1200 461 1235 525 in
1258 458 1354 527 malis
1457 470 1461 475 '

55 559 198 624 firmavit
231 570 263 625 at
250 561 326 626 tad
348 561 570 648 perditionem
594 572 738 627 nostram
766 563 943 648 instigavit,
977 563 1040 627 et
1029 584 1064 626 m
1086 562 1180 628 boc'
1169 585 1243 653 ipso
1263 564 1352 631 testi-

56 665 176 748 monio,
201 664 287 751 quod
311 674 422 731 nonna
444 688 503 731 nos
527 665 638 750 edidit,
617 676 700 731 tac
701 676 751 734 tor
772 675 804 732 et
819 673 998 732 accusator
1020 673 1079 733 est.
1101 664 1170 732 Ubi
1192 667 1280 734 clare
1298 678 1353 759 ap·-

52 777 158 854 paret,
179 769 266 855 quod
286 792 362 857 pars
384 770 479 853 nobis
500 770 639 855 adversa
661 771 799 836 sit'cum
822 764 1015 860 quibusdam
1032 760 1170 863 clericis,
1192 774 1248 867 qpi
1268 771 1352 840 sicut

53 873 110 941 illo
147 874 183 938 in
220 875 431 952 concionibus
468 877 534 941 suis
571 898 630 943 nos
667 877 913 964 vituperarupt,
963 885 1164 965 spreverant,
1197 877 1352 965 populum

55 985 172 1043 contra
193 1000 252 1042 nos
275 981 428 1045 contnuo
452 982 653 1046 concitarunt
676 992 717 1052 ‚et
738 981 828 1046 falsis
851 981 947 1046 dictis
987 981 1053 1046 suis
1076 980 1348 1070 contempserunt,
1374 1014 1377 1019 ·

58 1084 178 1170 quibus
202 1085 350 1153 omnibus
372 1085 493 1172 pariter
516 1085 778 1168 conuadiximus,
803 1084 1053 1150 contradicimus
1070 1106 1110 1149 ae
1130 1106 1287 1172 negamus
1310 1095 1344 1153 et
1389 1138 1392 1149 .

54 1210 308 1271 asserveramus,
331 1191 461 1254 remita
481 1212 547 1255 non
569 1191 678 1273 fuisse,
701 1212 766 1255 non
789 1211 870 1272 esse,
893 1178 1205 1276 necunquamillcs
1228 1188 1351 1277 aliquid

59 1292 125 1356 tale
150 1292 192 1357 de
216 1293 311 1358 nobis
335 1288 583 1378 demonstrasse,
606 1313 713 1382 neque
734 1295 1010 1359 demonstraturos
1032 1293 1111 1377 iore,
1138 1293 1294 1382 adeoque,
1315 1302 1353 1361 ut

57 1398 185 1462 inimici
207 1401 319 1483 nostri,
344 1407 466 1486 etpars
489 1399 584 1464 nobis
608 1399 746 1465 adversa
772 1399 862 1486 juste
882 1405 982 1462 testes
1004 1419 1102 1482 agere
1129 1398 1352 1486 nonpossint.

54 1502 202 1588 Ideoque
227 1502 377 1567 Vestram
401 1502 623 1586 Serenitatem,
653 1523 831 1590 omnesque
862 1509 1052 1589 praesentes
1075 1501 1235 1569 submisse
1255 1523 1349 1589 rega-

53 1629 135 1687 mus,
173 1616 210 1670 ut
230 1627 290 1670 nos
319 1605 361 1671 ob
385 1628 514 1672 causam
548 1606 632 1672 hanc
649 1605 850 1695 judicialiter
878 1603 992 1671 audire
1013 1604 1194 1692 dignemini
1216 1616 1250 1672 et
1271 1628 1349 1695 pers

53 1709 149 1774 nobis
173 1708 313 1774 adversa
341 1732 444 1797 acque
460 1711 661 1796 judicialiter
682 1710 799 1793 adstet,
820 1717 857 1774 ut
876 1708 923 1773 ite
944 1709 1151 1803 confrontati
1167 1711 1351 1779 adinvicem

61 1813 201 1900 colloqui
215 1812 391 1891 valeamus,
415 1823 447 1878 et
463 1816 510 1879 ita
522 1815 640 1880 Vestra
662 1814 825 1880 Serenitas
848 1835 1027 1898 agnoscere
1043 1813 1240 1900 dignabitur,
1264 1815 1351 1904 quod

58 1918 143 1982 sicut
166 1916 208 1980 de
230 1916 325 1982 nobis
349 1919 547 2006 scripserunt
569 1928 600 1984 et
622 1918 873 1984 interhomines
899 1915 1115 2004 divulgarunt,
1137 1940 1218 1985 vera
1240 1919 1349 1986 dicere

56 2043 122 2086 non
145 2022 305 2107 poterunt.
351 2022 498 2103 Quodsi
520 2045 597 2090 vero
613 2023 786 2090 Serenitati
807 2022 843 2087 id
865 2024 995 2090 efficere
1016 2043 1082 2087 non
1103 2021 1230 2106 liberet,
1252 2034 1350 2111 roga·

54 2149 139 2209 mus,
169 2135 206 2190 ut
226 2127 472 2214 apudRegiam
495 2128 700 2216 Majestatem
722 2128 924 2223 intercedere
946 2127 1134 2214 dignemini,
1167 2136 1203 2192 ut
1224 2126 1259 2191 in
1279 2127 1351 2195 loco

56 2230 231 2295 commodo
253 2232 385 2317 publice
406 2231 598 2319 audiamur,
621 2232 681 2299 ubi
705 2242 777 2298 tute
799 2254 838 2298 ac
870 2232 976 2298 libere
996 2229 1173 2296 secundum
1190 2229 1351 2319 justitiam

61 2340 95 2400 et
115 2332 334 2400 innocentiam
356 2346 500 2410 nostram
523 2336 612 2425 loqui
632 2359 821 2426 possemus3
860 2338 1024 2403 offerimus
1047 2337 1134 2401 enim
1155 2357 1226 2419 nos,
1248 2335 1352 2422 ¹quod
1461 2407 1463 2410 ,

60 2464 120 2506 nos
145 2441 257 2506 sistere
286 2450 318 2505 et
338 2463 549 2528 perseverare
571 2441 709 2507 velimus
741 2464 850 2508 eoram
872 2441 939 2508 Sua
959 2440 1131 2528 Majestate
1154 2441 1258 2527 Regia
1295 2448 1352 2508 ant

60 2546 179 2610 Vestra
200 2544 380 2621 serenitate
402 2545 456 2612 vel
478 2546 623 2632 quolibet
637 2547 764 2634 judicio
786 2546 946 2633 delegato,
985 2545 1048 2612 vel·
1062 2546 1214 2611 universo
1231 2538 1348 2633 '‘regno,
1388 2549 1392 2576 ¹

54 2651 177 2738 ubique
199 2651 423 2715 innocentiam
458 2659 657 2717 nostramet
683 2652 844 2741 justitiam
865 2651 959 2717 tueri.
1011 2648 1109 2730 Quod
1143 2649 1170 2714 si
1191 2673 1271 2735 vero
1292 2672 1354 2727 rex

36 2744 151 2839 ,nobis
174 2754 341 2820 confidere
359 2755 449 2838 nolit,
471 2754 678 2843 fidejussores
711 2749 885 2844 procurare
896 2755 1056 2842 volumus,
1078 2755 1132 2825 vel
1144 2755 1205 2822 sub
1218 2753 1351 2841 foedere

54 2862 200 2924 maximo
222 2859 420 2946 promittere,
456 2860 544 2946 quod
576 2861 612 2925 in
642 2862 787 2948 quolibet
812 2861 938 2950 judicio
975 2883 1035 2926 nos
1055 2862 1180 2931 ⁴,sistere
1201 2859 1350 2925 velimus.

59 2964 258 3045 Quod-vero
280 2962 436 3050 quosdam
458 2963 611 3029 articulos
636 2975 749 3031 contra
770 2967 964 3054 praecipuas
993 2965 1176 3052 singulares
1190 2984 1350 3052 personas

57 3070 234 3151 concernit,
258 3069 300 3133 de
322 3068 373 3133 his
395 3091 457 3134 nec
478 3069 580 3135 multa
602 3069 757 3154 scribere,
785 3092 851 3135 nec
872 3069 963 3158 loqui
988 3069 1147 3152 volumus,
1181 3067 1349 3157 sedpcst·

55 3200 166 3266 quam,
188 3177 261 3241 Dec
281 3177 330 3241 ita
351 3177 491 3255 volente,
507 3199 623 3243 coram
642 3178 732 3265 justo
749 3175 875 3264 judicio
906 3176 1099 3259 steterimus,
1133 3182 1210 3238 tunc
1232 3193 1351 3258 agnos·

56 3305 148 3347 scere
172 3280 395 3366 dignabimini,
429 3281 547 3368 quod
537 3295 592 3367 rta,
616 3283 728 3348 sicut
718 3304 754 3346 ιιι
784 3279 999 3363 accusatione,
1029 3270 1220 3402 retulerunt,
1241 3298 1294 3343 rcs
1315 3275 1350 3342 in

56 3389 197 3454 veritate
219 3408 284 3451 non
306 3386 498 3452 inveniatur.

140 3490 207 3555 Hic
228 3512 339 3555 rursus
361 3489 533 3577 diligenter
556 3488 791 3555 advertendum
825 3496 883 3572 est,
927 3487 1005 3579 quid
1028 3484 1244 3573 Pragenses
1233 3505 1268 3548 ιιι
1290 3503 1349 3548 suo

56 3597 177 3682 scripto
200 3597 461 3682 supranominato
482 3618 502 3660 a
523 3595 671 3684 principe
693 3602 726 3659 et
749 3595 920 3660 civitatum
943 3593 1104 3680 ablegatis
1126 3591 1162 3656 in
1174 3590 1239 3654 fine
1252 3587 1349 3676 hujsm

57 3699 170 3788 scripti
192 3708 343 3785 rogantes
367 3701 548 3786 petiverint,
571 3707 626 3763 aut
641 3719 723 3783 quae
733 3719 809 3786 pars
823 3697 926 3764 altera
936 3697 1097 3785 petiverit,
1121 3694 1216 3783 quasi
1228 3713 1349 3780 nempe

57 3805 241 3890 Pragcnses
263 3805 423 3868 actionem
441 3802 649 3890 judiciariam
684 3800 882 3884 adornatam,
919 3796 1131 3888 approbatam
1169 3805 1202 3864 et
1224 3790 1349 3881 justam

55 3907 250 3976 contrahes
273 3906 439 3975 haberent.
489 3905 687 3972 Incarcerati
719 3926 797 3970 vero
818 3904 869 3970 illi
889 3906 925 3969 in
948 3906 1067 3993 scripto
1090 3925 1148 3968 suo
1181 3899 1347 3989 publicam

54 4023 87 4080 et
109 4012 254 4091 debitam
276 4012 473 4077 audientiam
495 4011 672 4076 secundum
694 4009 818 4097 'judicii
840 4030 971 4074 cursum
1003 4007 1046 4073 ad
1063 4009 1119 4096 jus
1142 4005 1347 4093 appellarint

57 4120 208 4185 obtinere
229 4126 444 4206 rogaverunt,
467 4117 515 4182 illi
537 4117 595 4181 hos
616 4114 771 4183 volebant
791 4114 875 4180 viac
888 4113 1043 4179 violentia
1059 4119 1171 4178 contra
1187 4111 1349 4198 justitiam

57 4212 256 4314 deprimere,
280 4223 314 4288 hi
336 4245 424 4305 vero,
448 4222 640 4287 incarcerati
664 4218 827 4302 videlicet,
849 4217 1043 4284 submittunt
1064 4239 1099 4282 se
1116 4216 1202 4304 juris
1238 4213 1347 4281 officio

55 4340 88 4398 et
108 4331 236 4419 poenis,
270 4330 354 4395 siin
388 4328 527 4416 quodam
549 4329 598 4393 rei
629 4328 753 4392 inventi
785 4325 914 4406 firerint,
959 4324 1047 4408 Quid
1074 4324 1198 4414 justius
1231 4345 1275 4391 ex
1296 4322 1348 4389 his

59 4432 189 4504 duobus
211 4436 263 4521 sit,
287 4433 459 4501 considera
481 4441 514 4498 et
530 4431 619 4518 juste
642 4430 795 4519 dijudica.
