2880 5070
1017 182 1082 258 idb

83 354 237 423 nomnibus
258 357 409 444 peractis,
441 376 553 422 rursus
577 378 613 422 se
634 379 677 423 ex
698 378 803 444 regno
823 355 1015 445 Hungariae
1035 359 1076 424 ad

83 482 126 528 tos
140 463 350 528 ¹retraxerint
371 470 403 527 et
424 460 611 545 rediverint,
635 470 668 528 et
688 461 756 528 suis
771 464 877 551 copiis
887 452 974 528 mal'a
987 461 1078 528 nulla

83 575 127 633 nt
158 566 252 632 Tunc
274 568 371 633 etiam
393 569 483 634 cives
504 567 684 652 Budsnses,
719 569 775 656 qui
807 578 904 635 antes
933 592 982 635 ex·
997 567 1080 635 urbe

83 671 126 739 rlo
147 680 222 759 post
241 673 367 740 reversi
389 673 529 758 fuerunt,
568 673 664 739 etde
685 695 771 740 novo
792 674 1016 759 aedificarunt,
1049 681 1104 740 at·

83 785 322 845 stauraverunt
356 779 534 846 Praeterea
563 781 661 845 etiarn
694 780 845 867 Hungari
878 781 1080 848 neoeleotum

83 904 168 949 mem
177 883 346 950 Stefannm
355 885 390 950 in
413 894 519 951 castro
534 883 657 951 ibidem
667 885 703 951 in
716 884 827 973 sedem
842 887 967 972 regiam
983 884 1089 955 collo-⁵

83 988 155 1054 »mni
175 989 409 1077 impedimento
443 991 621 1071 ettimore
690 1010 693 1014 ·
860 1068 866 1083 Ι

83 1113 110 1177 go
132 1099 209 1159 tnnc
232 1092 374 1181 quidam,
397 1095 588 1181 praesertim
610 1092 757 1181 primarii
780 1102 813 1159 et
828 1093 959 1183 judicas
974 1103 1083 1161 temne

83 1195 231 1265 »ederetis
254 1197 343 1264 domi
375 1208 633 1286 permanserunt,
665 1200 735 1286 regi
768 1198 893 1265 nullum
924 1198 1083 1277 auxilium

83 1309 102 1366 s
134 1311 182 1368 tot
203 1302 351 1391 ejusdem
372 1303 525 1370 mandata
545 1325 611 1371 non
635 1303 749 1387 solum,
785 1325 899 1371 verum
922 1305 1018 1369 etiarn
1039 1303 1084 1369 ad

83 1414 162 1471 retas
184 1406 416 1496 lacrymabiles
437 1409 622 1496 petitiones,
656 1407 714 1474 ubi
744 1417 855 1475 tamen
874 1428 986 1473 omnes
1015 1417 1084 1475 tros

83 1511 208 1598 iptione
229 1512 264 1577 in
287 1512 404 1578 tabulis
426 1514 527 1601 regiis
550 1522 583 1578 et
604 1515 699 1600 regni
723 1534 758 1578 se
780 1511 1084 1599 obstringentes·in

83 1613 117 1680 S.
140 1614 304 1682 Vincentii
327 1638 413 1683 anno
437 1619 522 1686 1523
544 1616 665 1683 habitis
685 1618 720 1682 in
742 1617 928 1704 praesentia
949 1612 1083 1704 regiain

83 1721 292 1804 remiserunt,
331 1721 417 1809 quod
441 1722 547 1787 eidem
569 1720 693 1787 auxilio
709 1727 830 1785 contra
849 1718 991 1798 Turnum
1014 1742 1087 1787 auc-

83 1832 106 1888 et
127 1823 214 1911 quod
237 1826 265 1890 si
286 1823 321 1890 id
342 1849 409 1892 non
432 1827 597 1893 sufficeret
628 1833 661 1891 et
682 1824 790 1890 'Paroa
811 1822 1015 1910 Hungariam
1036 1828 1086 1892 in-

86 1926 107 1991 d
134 1927 224 1993 nullo
257 1929 353 1994 modo
387 1951 500 2016 regem
522 1929 676 1995 deserere
696 1929 811 2010 velint,
846 1928 905 1993 sod
925 1930 1085 1996 auxilium
1113 2006 1117 2015 ,
1162 2010 1165 2015 Ι

82 2032 124 2098 do
146 2032 297 2120 possibili
319 2034 536 2123 suppeditare,
570 2043 682 2122 utpote
715 2026 827 2100 contra
858 2034 936 2100 fidei
958 2034 1091 2100 obsisti--

102 2137 146 2202 Et
171 2138 320 2225 quamvis
342 2149 500 2228 appareat
531 2139 698 2206 dominum
719 2140 800 2207 Lew
822 2161 897 2206 oum
919 2137 992 2203 aliis
1015 2138 1083 2203 suis
1195 2179 1203 2183 -

83 2250 100 2303 t
121 2241 341 2328 Pragensibus
364 2265 400 2309 se
416 2244 617 2310 sufficienter
627 2254 815 2324 excusasse,
839 2251 1033 2311 revocantes
1051 2264 1089 2308 se

83 2347 124 2412 ris
146 2347 283 2434 agendis
307 2349 485 2416 secundum
507 2359 615 2417 tarrae
637 2358 757 2416 statuta
789 2357 824 2417 et
852 2346 1087 2417 ordinationes.

83 2474 199 2539 magna
220 2452 408 2521 necessitas
421 2454 553 2521 domino
573 2454 836 2542 regiobvenerit,
857 2454 945 2544 quod
959 2456 1089 2522 Tuscae

83 2576 101 2619 n
122 2560 380 2644 properaverint,
415 2560 503 2645 omni
525 2558 622 2625 modo
645 2581 836 2627 succurrere
856 2562 928 2649 regi
957 2569 1088 2650 oportu-

93 2661 233 2749 quidem,
269 2665 402 2751 equites·
419 2673 451 2730 et
473 2673 576 2730 status
598 2664 704 2731 civilia
729 2664 892 2753 (exceptis
914 2665 1088 2752 Pragensi·

90 2767 279 2833 mandatum
303 2767 425 2834 domini
448 2770 498 2834 sui
521 2768 641 2836 Colinii
663 2778 892 2847 convenerant,
925 2771 961 2834 in
993 2768 1091 2835 dissi·

83 2871 248 2938 ndomino
271 2871 353 2939 Lew
376 2881 409 2938 et
446 2875 517 2961 ejus
536 2872 788 2941 adhaerentibus
825 2895 866 2938 ac
898 2896 972 2939 cum
1005 2874 1086 2940 Pra-

83 2986 153 3059 1tes,
177 2977 296 3065 quibus
319 2977 469 3044 omnibus
490 2977 676 3066 pertinebat
696 2977 821 3047 ibidem
852 2980 1036 3046 convenire·
1050 2980 1086 3045 in

83 3103 102 3163 s,
127 3090 160 3147 ct
182 3104 221 3147 eo
244 3104 279 3148 se
302 3104 469 3160 revocare,
493 3083 578 3149 sicut
599 3081 682 3150 aliis.
704 3081 779 3148 Jam
803 3104 883 3149 vero
905 3083 955 3148 ilii
976 3084 1011 3148 in
1034 3083 1089 3148 die

83 3186 161 3252 ?anli
182 3186 225 3252 ad
248 3187 437 3253 mandatum
466 3187 594 3273 regium
629 3210 741 3253 omnes
765 3187 886 3254 Colinii
920 3210 1088 3255 convene-

83 3314 90 3355 s
111 3300 258 3378 egerant,
281 3301 318 3358 ut
338 3291 464 3359 nullum
489 3301 717 3380 exspectantes
734 3292 943 3377 satisfaciant,
965 3302 999 3359 et
1017 3290 1088 3378 regi

83 3404 122 3479 nt,
145 3405 242 3483 prout
264 3398 372 3479 etiam,
394 3404 567 3486 postquam
589 3419 650 3462 rex
663 3395 730 3463 illis
744 3396 896 3463 omnibus
909 3399 1086 3463 torminum

83 3499 208 3567 tretbae
228 3500 273 3566 ad
295 3501 537 3589 procedendum
560 3503 770 3588 assignasset,
787 3503 887 3590 juxte
908 3501 970 3567 boo
993 3524 1087 3568 man-

85 3605 173 3671 tione
194 3605 281 3671 viam
304 3608 453 3693 aggressi
475 3615 565 3693 sunt;
588 3614 701 3672 notum
724 3607 822 3671 etiam
846 3615 904 3688 est,
928 3607 1014 3695 qood
1027 3607 1087 3673 do-

83 3733 92 3775 ι
130 3710 282 3775 omnibus
317 3713 385 3776 suis
419 3710 673 3778 adhaerentibus
703 3710 811 3777 nullos
843 3720 1023 3778 conventus
1043 3712 1088 3778 ad

83 3814 260 3882 lebravorit
272 3864 280 3897 ,
315 3815 401 3904 quod
424 3824 533 3883 tamen
555 3815 667 3882 debite
687 3838 787 3900 agere
808 3813 1008 3901 debuissent,
1045 3819 1091 3883 oi·¹

83 3921 116 3985 bs
140 3921 311 4003 contraria,
334 3942 453 4010 nempe
475 3922 533 4009 qni
558 3920 687 3988 Colinio
708 3922 1087 4009 revertentes-procede·

83 4046 176 4112 reque
198 4024 356 4091 auxilium
389 4025 551 4114 quoddam
574 4024 764 4092 tribuerunt
795 4024 880 4091 Nam
904 4025 1089 4115 Progenses

83 4151 131 4194 om
153 4128 221 4211 fuit,
258 4128 336 4195 licet
367 4128 448 4195 alios
477 4128 520 4195 ed
550 4128 792 4217 expeditionem
826 4130 929 4195 secuti
956 4130 1088 4216 fuerint,

91 4233 277 4316 effecerunt,
316 4234 409 4321 quasi
431 4232 518 4300 domi
540 4234 807 4321 permansissent,
844 4243 996 4322 excepto.
1015 4236 1087 4323 boc,

83 4336 192 4402 sedam
215 4336 257 4403 de
279 4337 375 4404 bonis
398 4339 465 4405 suis
488 4340 523 4405 in
545 4338 607 4407 hac
628 4337 888 4428 viaimpendere
904 4338 1087 4427 debuerint,

83 4464 125 4507 ne
147 4441 234 4507 omni
257 4441 405 4509 utilitate.

83 4569 94 4611 s
119 4556 179 4624 est,
202 4547 289 4634 quod
310 4547 397 4614 intra
419 4555 558 4635 quatuor
580 4550 780 4637 septimanas
802 4557 835 4612 et
856 4559 995 4636 quatuor
1017 4547 1086 4613 dics

83 4672 196 4738 nempe
217 4674 237 4716 a
259 4652 313 4717 die
336 4652 504 4736 Sabbatbi,
528 4663 642 4742 quarta
664 4654 717 4721 die
739 4661 814 4740 post
837 4652 872 4719 S.
894 4652 1010 4720 Jacobi
1024 4653 1087 4721 fes-

83 4754 168 4823 diem
190 4755 221 4822 S.
245 4755 402 4825 Jobannis
423 4758 625 4827 numerando
647 4780 717 4829 non
734 4759 908 4899 potuerint
926 4756 1103 4842 abnegem

831 4862 882 4930 ib
