2948 5040
143 187 204 255 118

129 360 251 449 'legere
274 363 379 430 estin
400 361 564 429 chronicis
584 360 771 432 Bohcmiae.
814 364 953 432 Bohcmi
975 372 1083 432 autern
1105 373 1138 435 et
1157 365 1288 438 Moravi
1309 370 1430 438 adver-

122 464 247 535 ·stc'nte's
270 464 334 533 sibi
355 489 509 554 magnum
531 468 700 534 imminere
721 469 911 556 periculum,
933 470 1070 538 Bohcmi
1084 464 1214 559 quidem
1230 496 1331 560 super
1352 474 1434 542 haec

140 568 298 640 diversim
320 572 580 657 meditabantur,
596 573 681 639 'licet
702 573 857 640 audacter
880 585 912 640 et
933 585 1062 642 strenue
1084 579 1227 643 inimicis
1241 579 1432 665 restiterint,

140 687 178 745 ut
212 679 259 744 ita
294 677 413 744 malum
437 678 500 744 hoc
536 676 719 767 aliqualiter
741 681 933 746 inminutum
956 679 1064 765 fucrit,
1086 680 1297 747 nihilominus
1319 691 1433 750 tamen

138 785 237 872 juxta
255 783 466 849 necessitates
489 807 564 849 suas
586 787 755 852 venientes
778 785 821 851 ad
832 782 945 851 'terras
958 793 1098 868 exteras,
1113 786 1330 852 adversitates
1343 810 1434 874 mag·

142 913 202 957 nas
226 893 360 977 sufferre
382 890 567 956 debuerunt
587 889 721 973 tamdiu,
744 889 849 963 donec
870 889 957 976 apud
979 889 1090 954 sedem
1120 890 1300 956 Romanam
1335 914 1433 977 agere

130 995 343 1083 'incepissent
363 994 491 1079 magnis
514 1002 546 1058 et
566 993 764 1059 notabilibus
788 995 939 1083 expensis
963 1002 995 1058 et
1017 994 1300 1079 sollicitudinibus,
1335 1005 1374 1061 ut
1394 997 1434 1062 ad

143 1100 316 1189 aliqualem
333 1099 478 1186 ‚quietem
512 1097 726 1163 etmalorum
749 1099 1015 1185 compositionem
1037 1100 1209 1186 pervenire
1230 1100 1373 1186 possint,
1404 1109 1433 1165 et

135 1191 162 1272 'a
183 1204 278 1272 bellis
300 1211 356 1269 aut
376 1203 487 1267 nimiis
510 1204 713 1268 contumeliis
735 1201 877 1288 liberari,
910 1203 1077 1292 usquead
1109 1204 1293 1270 ulteriorem
1327 1210 1433 1295 provi·

144 1309 278 1393 sionem,
312 1308 460 1396 quamvis
497 1306 603 1372 adhuc
636 1307 780 1395 plenarie
814 1308 958 1372 notitiam
982 1316 1014 1372 et
1036 1307 1156 1394 dogma
1177 1308 1260 1396 legis
1284 1310 1430 1397 divinae,

148 1411 315 1502 usquead
338 1420 465 1498 tempus
488 1433 508 1476 a
528 1411 601 1476 Deo
623 1411 804 1499 praefixum
837 1435 903 1476 non
926 1413 1137 1500 susciperent,
1161 1413 1274 1480 saltem
1296 1424 1335 1482 ut
1357 1419 1427 1482 arti-

145 1519 251 1585 culum
274 1517 361 1582 hunc
383 1519 514 1581 unicum
537 1516 578 1582 de
600 1519 825 1583 communione
849 1516 908 1582 sub
930 1525 1066 1603 utraque
1076 1504 1195 1606 Specie
1217 1529 1427 1586 assumerent

228 1624 365 1688 Factum
389 1631 437 1686 est
458 1620 590 1685 tandem
612 1644 696 1686 anno
719 1622 852 1688 Domini
871 1625 972 1706 Ι1533,
995 1623 1081 1711 quod
1101 1632 1233 1712 propter
1254 1623 1344 1690 hanc
1360 1648 1429 1691 cau·

131 1750 215 1793 'sam
238 1727 369 1793 comitia
391 1728 517 1812 Pragae
540 1725 694 1813 Bohcmis
718 1736 750 1791 et
771 1727 915 1794 Moravis
938 1729 1026 1793 circa
1048 1728 1135 1792 diem
1158 1727 1192 1792 S.
1214 1727 1352 1797 Martini
1382 1729 1426 1794 fu·

145 1835 229 1900 erint
249 1833 405 1916 instituta,
428 1834 463 1897 in
486 1824 602 1920 quihus
625 1840 732 1896 actum
754 1833 816 1898 fuit
838 1857 910 1899 cum
933 1831 1090 1901 Filiberto
1105 1827 1352 1898 Constantiensi
1369 1835 1429 1921 epi-

144 1961 254 2026 scopo,
278 1946 310 2004 11
322 1938 393 2004 aliis
415 1936 568 2025 praelatis
586 1936 762 2002 aRomana
785 1937 861 2002 sede
884 1938 925 2003 ad
948 1938 1009 2002 hoc
1031 1936 1211 2002 constitutis
1234 1945 1267 2002 et
1292 1939 1428 2020 emissis,

144 2040 185 2108 de
207 2043 264 2108 his
280 2043 472 2130 subscriptis
494 2040 649 2123 articulis,
673 2042 728 2127 qui
762 2042 803 2107 ob
825 2041 1216 2116 incommodumlectoris
1239 2054 1272 2110 et
1299 2047 1430 2134 prolixi-

143 2158 242 2216 tatem
263 2148 392 2214 illcrum
424 2168 490 2212 non
513 2154 588 2211 sunt
610 2145 651 2210 de
674 2145 775 2211 verbo
797 2147 839 2210 ad
863 2146 999 2212 verbum
1021 2146 1075 2212 hic
1097 2150 1245 2237 appositi,
1270 2151 1331 2216 sed
1363 2162 1425 2219 tan·

143 2263 212 2319 tum
235 2275 348 2318 sensus
380 2250 508 2316 illorum
540 2249 744 2315 brevioribus
776 2250 886 2316 verbis
909 2251 963 2316 hio
987 2253 1178 2336 continetur,
1216 2257 1272 2342 qui
1308 2256 1426 2323 deinde

144 2359 282 2425 concilio
304 2354 487 2422 Basileensi
510 2379 582 2422 curn
605 2356 732 2442 magnis
755 2356 1001 2442 aenigmatibus,
1037 2356 1152 2444 sigillis
1177 2359 1362 2427 confirmati
1383 2363 1428 2428 fu-

134 2472 251 2531 erunt.
273 2464 317 2528 Et
339 2471 413 2527 sunt
437 2471 625 2549 sequentes:
1117 2462 1121 2470 '

227 2569 309 2633 Item
339 2566 492 2632 articulus
515 2569 658 2654 primus,
682 2564 768 2653 quod
790 2564 929 2630 Bohcmi
954 2573 986 2630 et
1008 2565 1134 2631 Moravi
1158 2566 1222 2632 fide
1232 2569 1357 2656 jubere
1383 2570 1427 2636 dc·

145 2672 275 2739 buerint
296 2695 354 2762 pro
378 2671 528 2738 omnibus
551 2673 617 2737 suis
639 2671 766 2755 incolis,
790 2680 822 2736 et
843 2670 987 2760 quolibet
1010 2673 1284 2766 singulariter,set
1306 2675 1428 2763 1111111-

146 2778 283 2863 mittant,
318 2779 405 2842 etin
429 2799 464 2843 se
487 2778 666 2864 suscipiant
695 2775 825 2861 bonam,
863 2778 999 2862 firmam,
1035 2787 1067 2843 et
1087 2786 1278 2865 perpetuam
1307 2802 1430 2869 pacem,

146 2904 264 2971 nempe
286 2881 503 2949 obedientiam
527 2891 665 2969 excepta
687 2884 912 2948 communione
945 2882 1014 2975 sub·
1035 2890 1170 2969 utraque
1197 2884 1323 2969 specie,
1361 2884 1430 2949 dum

122 3066 127 3076 Ι
149 2989 235 3054 enim
259 2988 431 3053 concilium
453 2986 641 3054 Basileense
657 2990 791 3073 agnovit
804 2989 974 3053 veritatem
983 2989 1106 3076 justam
1118 2987 1213 3075 hujus
1227 2991 1429 3075 sumptionis,

146 3103 214 3159 tum
237 3095 340 3180 primo
364 3093 546 3159 debuerunt
567 3093 737 3158 admittere
760 3092 879 3182 populo
903 3097 936 3159 in
959 3093 1198 3158 annis'tantum
1220 3090 1431 3160 adultioribus

148 3200 395 3283 communicare,
419 3207 451 3263 et
472 3205 508 3261 ut
530 3197 723 3281 sacerdotes,
763 3201 817 3286 qui
840 3198 1147 3282 administraverint,
1187 3218 1240 3262 eos
1272 3184 1432 3275 instruant

148 3303 306 3387 homines,
329 3311 365 3368 ut
386 3324 503 3391 nempe
526 3302 668 3384 credant,
696 3304 790 3393 quod·
806 3303 865 3368 sub
882 3303 990 3390 specie
1013 3304 1106 3389 panis
1129 3324 1194 3366 non
1216 3310 1344 3368 tantum
1367 3324 1429 3370 cor-

149 3434 220 3500 pus,
257 3433 318 3477 nec
342 3410 401 3476 sub
425 3412 533 3499 specie
553 3413 623 3477 vini
645 3419 769 3474 tantum
793 3411 934 3494 sanguis,
970 3407 1027 3471 scd
1043 3405 1129 3494 quod
1155 3404 1214 3471 sub
1237 3429 1426 3497 unaquaque

133 3517 260 3603 'specie
273 3517 399 3602 integer
422 3528 454 3583 11
475 3516 635 3604 perdoctus
658 3517 700 3580 sit
721 3514 886 3591 Christus,
905 3523 936 3579 et
958 3513 999 3578 ad
1021 3513 1103 3577 hacc
1125 3510 1307 3576 debuerunt
1331 3513 1429 3609 expli·

154 3648 227 3690 care
250 3625 440 3712 scriptuam
464 3645 598 3705 sacram,
622 3619 782 3709 quomodo
805 3618 866 3683 hoc
890 3616 1028 3700 intelligi
1050 3616 1178 3700 debeat,
1203 3615 1245 3681 ad
1268 3610 1428 3682 instruen-

151 3717 227 3794 dum
251 3727 413 3816 populum,
437 3751 495 3816 pro
519 3728 679 3794 evitandis
702 3723 865 3792 erroribus
887 3721 1011 3788 futuris.

134 3892 136 3897 .
234 3833 317 3898 Item
340 3834 499 3899 secundus
532 3835 704 3917 articulus3
734 3833 819 3919 quod
842 3838 976 3924 peccata
999 3826 1148 3897 mortalia
1166 3823 1318 3913 impediri
1336 3824 1429 3896 debe-

151 3947 217 4022 ant,
241 3937 434 4004 eradicando
458 3937 523 4021 illa,
547 3937 633 4025 apud
657 3936 859 4023 clerum'per
882 3933 1027 4015 clericos,
1058 3931 1143 4018 apud
1166 3930 1266 4019 laicos
1288 3953 1351 4018 per
1374 3952 1433 4018 po·

152 4040 300 4109 testatem
322 4043 446 4109 laicam.
676 4037 679 4041 ’

154 4202 167 4241 ,
236 4147 319 4212 Item
341 4150 453 4213 tertius
476 4145 648 4231 articulus3
672 4144 758 4233 quod
782 4143 915 4209 verbum
936 4142 1001 4207 Dei
1025 4138 1277 4206 asacerdotibus
1294 4139 1337 4204 ad
1357 4141 1434 4206 hacc

152 4253 245 4338 aptis,
280 4253 334 4340 qui
357 4253 447 4340 prius
469 4275 489 4316 a
513 4254 578 4316 suis
603 4249 825 4338 superioribus
849 4249 1024 4313 examinati
1059 4255 1091 4310 et
1112 4242 1282 4334 approbati
1305 4247 1430 4330 fuerint,

152 4357 264 4440 libere,
288 4359 440 4446 episcopo
464 4344 696 4436 consentiente,
719 4352 900 4442 praedicari
923 4354 1037 4440 possit.

236 4461 318 4527 Item
355 4461 507 4525 articulus
542 4470 690 4549 quartus3
728 4459 814 4548 quod
837 4460 941 4525 clerus
976 4460 1062 4526 bona
1096 4459 1264 4541 ecclesiae,
1302 4479 1434 4547 quorum

152 4577 293 4636 rectores
317 4577 400 4650 sunt,
434 4564 573 4630 fideliter
595 4565 822 4630 administrare
856 4575 887 4630 et
902 4566 1070 4654 possidere
1083 4565 1234 4648 debeant,
1258 4564 1433 4630 secundum

154 4674 398 4739 constitutiones
421 4669 790 4755 8111111111]Ρ11111111·ι
822 4676 854 4733 et
875 4671 953 4735 talia
976 4669 1135 4737 ecclcsiae
1168 4672 1256 4737 bcna
1288 4668 1329 4736 ab
1363 4671 1432 4739 'aliis

141 4776 268 4863 injuste
288 4774 393 4845 adimi
418 4782 452 4845 et
470 4774 636 4866 possideri
657 4796 723 4843 non
745 4773 893 4843 debeant.
