2948 5040
57 332 295 399 cantianorum
324 313 582 399 necessariorum
602 329 798 416 laborantes,
818 328 915 397 facilc
934 327 970 395 in
1003 325 1140 394 exitium
1169 324 1368 416 perducere,

60 444 259 525 potuerunt3
282 436 344 503 hoc
382 436 478 504 modo
500 437 610 525 itaque
631 456 666 501 se
688 434 730 502 ab
750 435 902 518 inimicis,
925 429 1090 500 civitatem
1111 429 1156 497 ab
1177 450 1347 521 expugna·

56 541 159 622 tione,
182 548 215 605 et
237 540 365 606 Italiam
387 564 408 606 a
430 539 581 628 gentibus
603 539 719 605 alicnis
741 538 881 604 liberare
900 534 1068 606 valebunt.
1171 564 1175 587 :

144 644 207 710 His
230 653 263 709 st
284 645 357 710 aliis
386 643 547 711 similibus
583 643 860 712 adhortationibus
882 641 1029 730 persuasi
1061 638 1202 706 Romani
1224 647 1258 707 et
1278 640 1348 711 ani·

54 750 136 814 mati
157 771 216 836 pro
237 750 352 837 patria,
385 769 444 837 pro
468 749 555 816 Sede
576 748 755 838 apostolica
778 757 811 814 et
833 745 928 813 simul
960 765 1020 834 pro
1042 742 1105 809 hac
1127 765 1187 810 sua
1207 748 1350 816 necessi·

58 861 126 918 totc
148 851 262 918 ultima
294 854 404 918 omnia
437 840 557 943 exequi
588 853 817 943 promiserunt.
860 851 950 938 Papa
984 848 1115 913 demum
1135 847 1346 936 illis-gratias

58 979 162 1044 agens
193 957 367 1046 spopondit
400 979 436 1024 se
468 957 555 1046 apud
590 957 722 1025 cosdem
757 974 1014 1045 permansurum,
1045 958 1078 1016 et
1107 952 1136 1018 si
1172 955 1350 1023 necessitas

58 1062 159 1128 fuerit
180 1082 217 1126 se
238 1061 323 1127 velle
344 1084 444 1127 manu
466 1085 525 1129 sna
556 1084 616 1156 pro
637 1062 704 1128 illis
725 1082 881 1151 pugnare.
924 1055 1069 1125 Confidit
1088 1076 1167 1123 vero
1188 1058 1346 1147 pontifex,

57 1164 146 1255 quod
168 1164 347 1231 auxiliante
383 1167 503 1257 populo
525 1167 671 1235 Romano
693 1189 767 1233 cum
799 1164 874 1232 aliis
895 1163 1038 1252 quinque
1059 1159 1203 1227 millibus
1225 1164 1347 1250 optime

57 1290 169 1336 muros
184 1270 348 1336 Romanos
371 1271 533 1356 defendet,
556 1280 589 1339 et
609 1274 655 1338 ita
676 1271 831 1360 populum
851 1271 1054 1334 incessanter
1076 1264 1287 1352 confortabat,
1310 1279 1343 1336 et

58 1396 134 1440 cum
156 1373 384 1459 cardinalibus,
419 1375 572 1462 praelatis
601 1386 634 1441 et
669 1374 820 1443 omnibus
851 1371 914 1440 sibi
932 1368 1215 1460 appertinentibus
1236 1374 1272 1442 in
1292 1396 1349 1462 pa·

60 1479 143 1546 latio
164 1478 342 1548 adventum
361 1481 566 1548 inimicorum
589 1478 815 1570 exspectabat.

305 1728 308 1733 ·
438 1818 441 1824 Ι
570 1722 719 1792 curor
742 1725 792 1792 18.

57 1917 122 1980 Ubi
145 1906 336 1993 describitur,
359 1921 505 1996 quomodo
526 1921 677 1985 exercitus
699 1940 856 1985 caesareus
867 1921 994 1985 Romam
1005 1925 1232 2005 oppugnaverit,
1253 1927 1342 2008 Papa

56 2025 134 2068 vero
157 2014 187 2066 et
209 2009 377 2069 cardinales
399 2008 540 2088 lugerint,
564 2018 594 2071 et
626 2020 770 2087 quantum
803 2011 934 2090 praedae
969 2011 1083 2073 ibidem
1116 2013 1342 2091 acquisiverint.

150 2191 332 2261 Caesareus
359 2195 459 2282 igitur
489 2197 652 2264 exercitus
685 2195 763 2262 dum
791 2197 904 2284 quinta
925 2195 979 2263 die
1011 2182 1133 2264 mensis
1153 2199 1235 2288 Maji
1267 2201 1343 2288 anni

61 2298 147 2364 1525
157 2298 270 2386 (1527)
282 2297 324 2364 ad
346 2309 496 2368 octavum
513 2300 616 2369 farma
634 2300 946 2390 lapidemacivitats
962 2304 1176 2391 pervenisset,
1200 2325 1349 2393 moxper

62 2402 189 2469 nuntios
211 2412 359 2471 senatum
380 2413 412 2471 et
432 2406 587 2496 populum
607 2407 789 2473 Romanum
822 2407 1050 2494 salutamrunt,
1082 2418 1115 2476 at
1143 2410 1225 2476 mue
1255 2430 1349 2497 roga·

62 2516 186 2592 verunt,
207 2517 244 2575 ut
264 2531 300 2577 se
320 2508 418 2577 rebus
439 2511 610 2600 papalibus
625 2532 692 2578 non
713 2512 919 2580 immisceant
940 2520 972 2580 et
985 2504 1190 2580 inimicorum
1201 2523 1350 2581 naturam

59 2612 276 2693 considerent,
309 2614 395 2705 quod
416 2637 535 2704 nempe
566 2627 679 2685 contra
700 2618 825 2706 Papam
847 2617 908 2708 (ita
928 2617 1113 2708 loquentes)
1144 2617 1348 2704 advenerint,

56 2744 134 2791 cum
144 2721 298 2789 Romanis
319 2720 435 2790 incolis
455 2743 543 2806 vcro,
566 2723 595 2788 si
615 2723 747 2811 ipsimet
757 2722 901 2789 Romani
922 2720 1095 2808 voluerint,
1118 2724 1295 2790 amicitiam
1317 2732 1350 2790 et

56 2850 176 2919 pacem
198 2828 337 2894 libenter
358 2828 552 2894 conservare
572 2816 707 2897 uellent.
727 2828 866 2894 Romani
888 2848 966 2894 vero
988 2827 1237 2916 responderunt,
1259 2820 1347 2916 quod

57 2957 119 3024 pro
142 2935 256 3029 patria,
279 2933 369 3020 Papa
392 2940 426 2998 et
447 2929 525 2996 sada
547 2931 727 3020 apostolica
751 2953 898 3021 pugnare
929 2929 1042 3017 velint,
1074 2932 1214 3022 ideoque
1236 2932 1346 2999 admo·

56 3046 169 3122 neant,
201 3059 244 3103 ne
265 3038 430 3103 civitatem
459 3036 698 3122 aggrediantur.
732 3035 786 3103 Ab
810 3035 873 3104 hoc
906 3058 985 3105 vero
1014 3058 1172 3126 responso
1206 3037 1347 3104 casuris

59 3143 224 3210 exercitus
246 3140 419 3228 benignior
441 3140 574 3207 effectus
596 3162 663 3206 non
684 3140 755 3218 fuit,
776 3139 835 3208 sed
856 3139 1064 3230 hocvespere
1086 3151 1162 3209 ante
1183 3141 1349 3210 cimtatem

57 3249 279 3338 perstiterunt,
308 3246 436 3312 fervore
465 3255 498 3311 ct
519 3244 673 3333 cupidine
705 3245 845 3329 accensi,
879 3246 1045 3314 civitatem
1066 3246 1286 3336 oppugnandi,
1318 3255 1351 3314 et

62 3374 138 3419 cum
170 3373 232 3416 nec
263 3358 442 3434 tormenta,
475 3349 592 3438 quibus
625 3371 734 3416 muros
771 3348 920 3435 diruant,
950 3372 1012 3418 nec
1033 3352 1148 3436 scalas,
1178 3372 1239 3440 por
1269 3370 1350 3440 quas

58 3456 247 3539 ascendant,
282 3454 462 3535 habuerint,
492 3453 728 3539 concluserunt,
761 3462 797 3522 ut
826 3458 1026 3544 oppugnatio
1059 3466 1092 3524 et
1113 3455 1280 3524 conflictus
1313 3458 1350 3524 in

58 3563 194 3628 alteram
216 3559 303 3625 diam
324 3559 524 3642 differantur,
552 3559 692 3648 ideoque
712 3559 770 3626 illa
796 3569 891 3627 noete
912 3583 1064 3649 magnam
1096 3564 1223 3653 copiam
1247 3559 1348 3630 scala·

58 3688 132 3732 rum
154 3666 370 3733 confecerunt.
481 3722 484 3727 .
1324 3709 1328 3716 -

145 3769 258 3836 Altera
279 3770 332 3836 dic
354 3790 449 3836 mans
470 3777 545 3836 ante
579 3769 656 3837 solis
690 3777 804 3855 oraim,
836 3791 918 3859 quae
951 3768 1012 3836 luit
1040 3771 1073 3840 6.
1097 3771 1185 3860 Maji
1213 3770 1351 3860 Hispani

57 3875 159 3942 alacri
191 3886 308 3959 mente,
349 3885 381 3941 et
413 3876 548 3941 nimium
581 3877 674 3963 quasi
710 3876 753 3944 ad
787 3875 910 3942 similes
945 3883 1036 3942 actus
1068 3877 1219 3966 prompti,
1254 3898 1347 3966 prae·
1380 3893 1382 3898 ’

57 4002 195 4069 propere
223 3981 414 4069 arripientes
437 3979 541 4046 scalas
574 3980 617 4047 ad
638 4003 748 4047 muros
770 3981 980 4063 acclinarunt,
1002 3989 1037 4046 et
1058 4003 1121 4072 quo
1153 3982 1227 4070 quis
1258 3981 1346 4050 velo·

56 4089 125 4154 cius
147 4099 283 4177 poterat,
305 4089 378 4155 illos
401 4088 578 4155 ascendere
614 4088 802 4174 conabatur,
835 4098 868 4156 et
899 4095 968 4154 tum
997 4088 1226 4154 serenissimus
1261 4088 1349 4178 prin·

58 4215 137 4280 ceps
169 4193 392 4260 Burbonensis
426 4193 582 4260 antedicti
610 4195 771 4259 exercitus
804 4193 993 4281 capitaneus
1026 4199 1059 4259 et
1091 4213 1262 4259 caesareus
1304 4191 1350 4259 lo-

57 4307 246 4365 cumtenans
269 4298 421 4366 notabilis
443 4302 477 4365 in
510 4299 605 4365 Italia
626 4320 705 4387 prae
727 4297 876 4364 omnibus
898 4298 971 4365 aliis
993 4282 1098 4364 scalas
1125 4295 1282 4380 ascendit,
1316 4305 1349 4363 et

55 4426 230 4493 percussus
252 4403 349 4490 globo
370 4404 521 4469 tormenti
541 4403 705 4471 Moakwet
736 4402 894 4469 nominati
927 4401 1070 4469 concidit
1114 4388 1147 4469 ct
1176 4402 1261 4470 intra
1282 4423 1348 4468 me·

56 4512 131 4577 diae
152 4511 251 4578 horae
284 4511 422 4597 spatium
455 4519 586 4599 peracta
619 4509 826 4576 confessione
862 4529 991 4575 suorum
1022 4518 1229 4597 peccatorum
1268 4532 1350 4578 mor

57 4627 132 4685 tuus
156 4627 220 4697 est3
244 4637 307 4704 quo
343 4637 421 4682 casu
442 4614 562 4681 milites
583 4617 784 4696 caesarei·(a
805 4612 921 4701 quibus
943 4613 1041 4682 valde
1061 4613 1245 4703 amabatur)
1274 4638 1350 4684 con·

55 4723 486 4813 dolentiamagnaconcitati
497 4722 696 4796 acerbiorem
706 4746 849 4816 pugnam
862 4724 1075 4812 inieruntita
1090 4723 1187 4813 quoi
1202 4723 1363 4805 damnat
