2948 5040
482 1336 688 1472 trouu
723 1340 1117 1478 soouuous
1363 1412 1367 1417 -

169 1679 208 1744 In
231 1701 293 1767 quo
317 1680 498 1746 continetur
519 1685 655 1749 materia
672 1683 718 1750 de
739 1671 925 1773 afflietione,
954 1689 1085 1755 miseria
1118 1697 1150 1756 et
1170 1692 1402 1780 persecutione

273 1778 440 1869 bominum
461 1809 481 1853 a
502 1786 720 1878 Progensibus
742 1789 834 1857 laicis
858 1800 890 1858 et
911 1791 1038 1860 clericis
1059 1797 1283 1882 proveniente.
1349 1862 1352 1867 .

218 2186 305 2255 Dum
328 2191 436 2280 itaque
458 2190 520 2257 hoc
542 2175 748 2280 iniquitatum
769 2192 859 2258 mare
881 2199 1032 2258 aestuans
1054 2188 1234 2281 aequaliter
1270 2195 1346 2260 sine
1367 2196 1421 2260 ina

134 2293 337 2359 termissione
358 2286 598 2380 intumesceret,
621 2303 653 2361 et
674 2306 801 2384 tempus
822 2297 977 2364 festorum
998 2297 1215 2363 natalitiorum
1228 2299 1318 2364 circa
1330 2296 1430 2366 finem

134 2399 212 2463 anni
235 2396 320 2465 1524
341 2401 626 2488 appropinquaret,
659 2389 796 2467 daemon
818 2424 883 2467 non
907 2402 1162 2488 contentabatur‚
1186 2394 1274 2491 quod
1284 2402 1424 2493 Prageti·

137 2521 189 2566 ses
212 2501 288 2568 laici
310 2501 486 2569 directores
499 2514 554 2570 aut
569 2507 751 2593 superiores
772 2506 935 2572 infernum
948 2505 1011 2572 sibi
1022 2509 1296 2594 praeparaverint,
1304 2509 1421 2576 violen-

132 2614 183 2672 ter
205 2613 238 2671 et
259 2607 379 2696 injuste
401 2607 547 2690 homines
583 2611 772 2677 innocentes
809 2611 1012 2698 affligend03
1035 2613 1212 2677 concitavit
1247 2611 1305 2678 ille
1331 2612 1423 2680 etiem

107 2710 184 2777 bis
221 2712 255 2777 in
277 2711 435 2778 auxilium
467 2714 650 2803 superiores
684 2706 934 2799 ecclesiesticos‚
971 2721 1089 2806 nempe
1123 2715 1253 2782 Gallum
1277 2715 1423 2784 ozanen

133 2813 429 2885 administratorem
464 2819 663 2907 Pragensem
684 2820 870 2887 inferiorem
894 2843 968 2887 cum
991 2819 1137 2909 ejusdem
1160 2819 1258 2904 clero,
1280 2830 1317 2886 ut
1341 2814 1423 2911 quod

132 2912 208 2986 laici
230 2920 445 3010 neglexerunt
477 2925 512 2990 in
534 2923 710 2991 afflictione
732 2925 901 3013 corporali,
923 2923 1004 2990 illud
1035 2923 1140 2989 clerus
1177 2930 1368 3011 compenset
1389 2926 1423 2993 in

88 3068 91 3073 -
134 3022 262 3092 animae
284 3028 416 3096 miseria
438 3036 471 3095 et
491 3028 668 3095 afflictione
691 3027 861 3117 spirituali,
884 3037 920 3094 ut
940 3030 1142 3095 incessenter
1177 3048 1331 3115 regnum,
1354 3033 1420 3120 ejus

131 3143 280 3223 augeant,
317 3132 510 3224 decipiendo
532 3134 679 3200 homines
714 3133 831 3200 multos
855 3135 921 3199 suis
942 3130 1120 3217 fraudibus,
1144 3142 1177 3199 et
1204 3132 1318 3200 ultimo
1341 3134 1425 3218 illos,

132 3242 160 3308 si
181 3240 272 3307 Deus
293 3240 407 3308 fideles
443 3259 517 3306 suos
539 3259 749 3326 praeservare
780 3260 846 3304 non
883 3237 1080 3325 dignaretur,
1117 3237 1159 3302 ad
1195 3244 1347 3305 aeternos
1380 3241 1426 3306 in-

131 3345 215 3412 ferni
237 3347 399 3412 cruciatus
420 3343 594 3434 pertrahat.
636 3340 820 3431 Antequam
848 3364 927 3426 vero
956 3340 1038 3408 haec
1074 3350 1337 3422 commemorem,
1360 3342 1425 3432 pla-

131 3451 198 3517 cuit
230 3452 324 3516 citius
358 3451 444 3516 vitae
479 3448 611 3515 modum
647 3458 679 3513 et
709 3454 857 3513 naturam
889 3446 1044 3529 rectoris,
1092 3436 1266 3534 superioris
1306 3458 1426 3537 nempe

131 3536 399 3621 administratoris
433 3552 521 3621 Galli
553 3552 651 3618 titulo
679 3550 891 3618 ecclesiastici
926 3549 1070 3616 breviter
1103 3570 1303 3638 proponer03
1340 3554 1424 3618 sicut

131 3661 217 3725 enim
240 3656 365 3723 abono
398 3665 523 3724 rectore
545 3655 640 3738 bona,
662 3657 708 3721 ita
729 3678 749 3720 a
768 3676 922 3742 perverso
957 3653 1043 3719 mala
1074 3653 1220 3740 procedit
1254 3653 1424 3722 instructio

134 3772 168 3831 et
186 3763 342 3849 regimen,
371 3760 463 3850 cujus
484 3782 603 3826 nomen
625 3769 694 3825 erat
709 3759 829 3826 'Gallus
853 3758 1009 3825 Ozahera.

216 3866 281 3932 Hic
302 3866 433 3932 Zatecio
457 3863 621 3947 oriundus,
644 3885 664 3929 a
685 3862 882 3952 pauperibus
904 3864 1093 3950 progenitus
1127 3861 1326 3949 parentibus,
1351 3873 1420 3954 pat-

130 3993 200 4039 rem
222 3969 347 4037 habens
369 3969 543 4051 larionem,
566 3969 661 4034 homo
684 3989 751 4034 non
771 3988 909 4053 magnae
932 3977 1089 4050 staturae,
1114 3968 1172 4033 sed
1193 3966 1317 4033 homini
1341 3991 1422 4035 sana
1463 4024 1466 4029 ⁴

129 4078 255 4143 ratione
276 4073 423 4163 praedito
443 4073 621 4157 dissimilis,
644 4074 678 4138 in
700 4094 764 4160 qua
797 4080 905 4137 tamen
942 4074 1061 4159 exigua
1092 4073 1245 4162 pharetra
1281 4072 1422 4140 daemon

132 4181 280 4270 copiosas
318 4202 393 4246 suas
427 4179 560 4266 sagittas
584 4177 773 4264 composuit
817 4175 882 4240 Hic
903 4175 945 4241 ad
968 4177 1132 4264 Pragense
1154 4176 1295 4244 studium
1325 4177 1423 4246 deve·

128 4288 188 4371 nit,
210 4287 245 4350 in
266 4307 329 4374 quo
352 4306 479 4372 semper
500 4283 597 4348 altius
618 4278 894 4370 progrediebatur,
918 4280 1023 4347 donoc
1035 4281 1077 4346 ed
1090 4283 1311 4366 magisterium
1329 4305 1422 4349 evec-

128 4400 183 4457 tus
205 4390 334 4456 ¹fuisset.
391 4387 537 4454 Tandem
569 4385 719 4452 sacerdos
750 4384 865 4468 factus,
887 4384 1085 4452 Litomericii
1115 4386 1302 4474 parochiam
1325 4386 1422 4476 adep·

129 4505 181 4562 tus
219 4493 287 4560 fuit
331 4491 458 4559 Ibidem
481 4491 570 4557 cives
592 4493 627 4557 in
650 4491 872 4558 contentiones
909 4499 941 4555 et
962 4490 1037 4556 odia
1059 4500 1171 4557 contra
1192 4492 1334 4557 invicem
1366 4515 1420 4580 ap·

129 4609 244 4690 paratu
280 4596 442 4664 diabolico
464 4597 648 4684 concitavit,
689 4596 732 4663 ad
754 4593 840 4684 quod
862 4603 977 4662 natura
1008 4594 1166 4683 ejusdem*
1186 4594 1416 4680 inclinabatur,

128 4714 166 4775 ut
197 4700 376 4772 discordias
411 4701 496 4768 inter
526 4700 641 4768 fratres
674 4700 917 4786 disseminaret3
951 4721 994 4766 ex
1026 4720 1090 4788 qua
1128 4698 1247 4768 deinde
1291 4699 1424 4768 civitate
