2948 5040
67 333 379 417 natum‘ldcraviae,
402 341 435 400 et
450 334 564 423 judico
587 336 686 402 etiam
707 337 743 404 in
765 336 959 424 quibusdam
981 338 1061 405 locis
1098 320 1235 406 aliarum
1266 347 1367 406 terra·

65 464 151 525 rum,
173 440 291 525 multos
313 442 411 506 etiam
433 441 609 507 monachos
631 441 862 508 interfecerunt
884 450 917 508 ot
940 443 1136 531 expulerunt
1157 444 1200 513 ob
1211 445 1365 534 injuriam

64 547 222 633 magistro
243 544 366 612 Joanni
404 544 503 628 Huss,
527 554 559 610 et
592 547 748 631 magistro
784 546 986 636 Hieronymo
1020 549 1109 615 socio
1132 551 1202 638 ejus
1235 549 1367 618 natione

63 650 230 718 Bohemis·
253 649 381 734 factam,
404 672 484 739 quos
520 650 663 716 Romani·
683 649 895 717 Constantine
930 653 1000 718 sine
1022 653 1118 742 culpa
1140 675 1368 723 concremave-

63 767 149 825 runt
202 758 377 844 Postquam
410 754 542 820 tandem
573 749 748 844 imperator
780 758 917 842 regnum
949 754 1127 824 Bohemiae¹
1160 767 1193 826 et
1214 758 1296 825 alias
1330 761 1365 829 ei

62 863 306 950 appertinentes
341 861 491 951 regiones
523 868 597 949 post
617 858 752 948 'aliquot
784 883 886 928 annos
908 863 944 927 in
974 864 1122 950 regimen
1155 866 1381 953 suscepisset.
1456 872 1458 877 ‘

64 966 223 1034 sollicitus
244 965 305 1031 fuit
339 974 373 1030 ut
394 965 504 1043 turbas
527 967 706 1061 imminuat,
731 974 763 1031 ot
785 966 813 1030 si
834 965 989 1054 possibile
1017 967 1125 1051 fuerit,
1147 967 1244 1057 plane
1265 962 1366 1037 tollat}

64 1070 229 1137 Bohemos
252 1091 326 1135 cum
349 1068 520 1136 Germanis
543 1071 578 1134 in
600 1069 763 1158 quandam
776 1090 891 1157 pacem
906 1069 1059 1158 perduxit
1079 1095 1138 1165 per
1160 1081 1363 1163 compactata

68 1174 221 1242 Basileae
249 1173 457 1258 confirmata3
491 1181 587 1260 prout
617 1174 698 1239 haec
719 1174 753 1239 iu
777 1173 970 1260 quibusdam
993 1176 1123 1263 scriptis
1145 1178 1365 1268 inveniuntur,

68 1279 157 1369 quod
169 1279 342 1345 cumomni
357 1278 527 1364 diligentia
546 1287 678 1345 conatus
699 1278 805 1363 fucrit,
823 1288 859 1344 ut
870 1278 989 1345 debitis
1001 1289 1033 1344 et
1044 1282 1235 1369 opportunis
1248 1282 1366 1354 mediis

55 1407 129 1474 *pro
162 1382 378 1472 possibilitate
400 1383 514 1449 horum
536 1393 716 1470 temporum
753 1404 805 1448 res
840 1392 906 1448 tam
928 1383 1030 1449 malas
1067 1383 1227 1472 impedire
1261 1388 1366 1474 possit

68 1497 102 1555 et
122 1485 166 1553 ad
189 1487 310 1553 bonum
330 1486 541 1574 perducere·
562 1486 688 1568 Quibus
711 1486 752 1552 de
786 1488 892 1552 causis
928 1487 1028 1553 multa
1057 1488 1236 1574 agebantur
1258 1511 1278 1556 a
1300 1498 1363 1558 sta·
1425 1481 1428 1485 ’

65 1591 158 1660 tibus
187 1591 374 1674 Bohemiae,
406 1592 582 1679 imperator
604 1611 798 1657 consensum
820 1612 914 1655 suum
935 1590 1086 1679 praebuit
1118 1592 1161 1661 ad
1183 1593 1365 1681 singulares

66 1696 223 1763 articulos
258 1696 535 1780 infranominatos,
569 1696 652 1761 infra
684 1696 719 1760 in
740 1694 844 1759 literis
866 1693 926 1761 sub
950 1695 1055 1782 sigillo
1078 1697 1255 1785 majestatis
1286 1716 1365 1788 pen·-

66 1803 159 1869 denti
195 1823 279 1867 anno
318 1801 459 1867 Domino
490 1801 574 1868 1435
595 1800 639 1867 ad
661 1798 847 1885 eligendum
871 1799 1054 1888 specialiter
1082 1800 1362 1892 archiepiscopum
1428 1869 1431 1883 ,

61 1907 277 1993 Ῥταςοηεεω,
311 1914 344 1970 et
379 1905 460 1971 duos
483 1906 651 1993 episcopos
675 1903 905 1990 suffraganeos.
950 1902 1071 1970 Habito
1106 1903 1168 1971 hoc
1200 1928 1360 1976 consensu

63 2011 197 2079 tandem
231 2017 331 2075 status
362 2009 531 2093 baronum,
555 2009 712 2095 equestris
737 2017 768 2072 et
791 2007 898 2074 civilis
932 2007 1060 2095 Pragae
1096 2010 1130 2074 in
1166 2009 1220 2076 die
1242 2010 1273 2077 S.
1296 2011 1364 2079 Ma·

63 2116 153 2182 thaei
185 2116 221 2180 in
242 2115 381 2180 comitiis
418 2115 513 2202 hujus
528 2183 534 2194 ,
552 2114 630 2178 anni
652 2112 820 2198 elegerunt
841 2110 1009 2198 delegatos
1033 2112 1075 2178 de
1103 2113 1214 2187 medio
1235 2114 1364 2183 illorum

63 2243 219 2312 personas
253 2228 358 2285 certas
382 2218 423 2284 de
457 2218 593 2297 statibus
616 2218 785 2301 baronum,
808 2219 952 2305 equestri
974 2225 1007 2282 et
1028 2217 1118 2283 civili
1139 2240 1178 2284 ac
1208 2218 1362 2306 clericali,

68 2326 125 2415 qui
147 2348 302 2414 personas
339 2324 483 2408 idoneas,
520 2323 799 2411 archiepiscopum
837 2331 869 2388 et
892 2322 972 2388 duos
996 2323 1173 2412 episcopos
1200 2324 1358 2412 suffraga-

10 2500 28 2510 ,
69 2451 155 2507 neos,
178 2429 380 2497 sacerdotem
416 2427 592 2495 Martinam
625 2427 739 2516 Lupat
760 2426 801 2493 de
826 2425 941 2514 Ujend,
983 2436 1015 2492 et
1037 2426 1239 2493 sacerdotem
1261 2429 1360 2496 Wen·

63 2533 208 2600 ceslaum
230 2532 390 2600 deOhooa
408 2532 539 2620 eligant,
564 2554 648 2620 quos¹
666 2529 785 2596 deinde
808 2531 843 2594 in
865 2529 938 2596 aliis
962 2533 1102 2598 comitiis
1114 2533 1360 2621 promulgarunt

61 2636 291 2728 praesentibus
315 2636 464 2704 omnibus
487 2639 581 2724 regni
604 2636 749 2719 statibus,
774 2656 871 2726 quarn
888 2634 1079 2702 electionem
1091 2639 1267 2726 imperator
1281 2661 1362 2707 cou-

60 2743 205 2810 firmavit
218 2745 262 2808 in
284 2742 338 2808 die
361 2743 395 2808 S.
417 2741 646 2829 Margarethae
668 2763 754 2806 anno
779 2741 874 2824 1436,
898 2743 1076 2829 majestatis
1106 2743 1208 2810 literis
1229 2749 1362 2833 promit·

59 2857 143 2932 tens,
166 2869 202 2912 se
223 2847 309 2914 velle
332 2847 499 2915 sollicitari
522 2846 608 2935 apud
630 2868 758 2934 papam,
781 2854 817 2910 ut
839 2844 972 2910 eosdem
988 2845 1030 2910 ad
1045 2846 1126 2913 haec
1138 2850 1248 2914 omnia
1260 2850 1357 2918 etiam

62 2953 239 3038 confirmet.
283 2952 402 3020 Nescio
425 2951 552 3041 quade
575 2974 674 3018 causa
695 2951 816 3017 factum
837 2950 944 3033 fuerit,
967 2951 1052 3038 quod
1075 2952 1117 3018 ad
1139 2952 1175 3018 id
1195 2976 1361 3045 nunquam
1444 2992 1450 2999 ·

59 3058 239 3141 devenerit,
275 3058 359 3123 sicut
395 3058 530 3124 dieitur:
552 3060 588 3123 in
609 3057 675 3123 fine
705 3056 776 3122 laus
798 3053 962 3144 probatur.
999 3054 1039 3120 In
1062 3057 1250 3145 chymeram
1272 3062 1362 3127 enim

59 3164 111 3231 his
136 3163 246 3230 electis
268 3161 422 3251 praelatis
445 3164 553 3228 omnia
575 3182 732 3228 conversa
755 3168 830 3238 sunt
862 3169 894 3224 et
915 3158 1043 3225 turbata
1079 3160 1210 3228 fuerunt
1231 3163 1357 3254 omnia3

60 3268 119 3335 sed
143 3269 252 3356 opinio
286 3268 451 3333 hominum
487 3278 545 3352 est,
579 3266 665 3357 quod
698 3288 772 3355 per.
788 3264 1061 3331 inadvertentiam
1084 3263 1245 3351 (lassaris,
1284 3270 1377 3358 quia

19 3433 29 3454 ,
64 3375 203 3440 nimium
241 3371 373 3455 distulit,
409 3380 441 3439 et
463 3371 593 3438 tandem
615 3379 718 3437 morte
739 3377 935 3459 praeventus
956 3367 1027 3434 luit
1072 3370 1166 3436 Prius
1190 3375 1277 3439 enim
1298 3374 1361 3441 Rc·

61 3478 231 3567 kycnanus
270 3502 343 3545 oum
378 3479 492 3566 Lupad
516 3500 589 3543 eum
613 3477 655 3543 de
677 3477 837 3565 promisso
861 3475 1107 3559 admonuerunt,
1129 3478 1253 3544 tamdiu
1275 3478 1362 3568 quod

60 3606 136 3672 spes
148 3584 280 3649 tandem
303 3584 431 3650 illorum
454 3605 540 3650 vane
562 3585 676 3648 effecta
697 3582 794 3659 ¹fuerit
817 3583 906 3647 etin
927 3579 1065 3644 nihilum
1078 3603 1245 3653 conversa.
1267 3584 1361 3652 Haec

59 3689 109 3754 illi
145 3689 374 3776 intelligentes,
413 3691 441 3755 si
477 3711 551 3754 eum
573 3696 669 3754 antea
691 3687 827 3753 multum
848 3689 1083 3774 vituperarunt,
1106 3687 1239 3754 tandem
1267 3689 1360 3757 illum

25 3786 183 3861 ¹'talibus
216 3795 323 3861 adhuc
360 3796 464 3881 magis
487 3795 675 3860 affecerunt
719 3792 902 3881 Imperator
922 3793 1004 3859 haee
1035 3793 1179 3858 resciens
1200 3794 1360 3884 recogita·

57 3902 115 3984 vit,
128 3901 269 3988 ¹qualem
301 3900 485 3966 mercedem
508 3901 642 3988 dignam
679 3900 726 3964 eis
748 3921 942 3988 praeparare
975 3907 1106 3986 possct3
1129 3898 1178 3964 illi
1208 3922 1287 3967 vero
1309 3902 1357 3966 in·

58 4006 255 4093 telligentes,
279 4006 365 4094 quod
404 4006 460 4072 teli
492 4005 673 4088 securitate,
696 4013 745 4085 ut„
768 4013 852 4088 ante,
876 4003 941 4068 irui
962 4025 1028 4068 non
1050 4011 1194 4092 possent,
1216 4003 1356 4095 ideoque

57 4110 276 4198 Rokycnanus
309 4111 434 4198 Pragae
470 4112 504 4176 in
535 4111 700 4199 Teynensi
735 4109 873 4175 ecelesia
902 4108 1062 4196 parochus
1098 4108 1253 4194 existens,
1276 4109 1360 4177 clam

57 4214 398 4302 Regino-Hradecium
436 4218 544 4295 cessit,
583 4226 616 4282 et
636 4217 815 4304 Lupacium
840 4213 1028 4281 Ghrudimio
1058 4212 1149 4280 abire
1178 4216 1358 4303 jusserunt.

56 4320 443 4409 Rckycnanueradecii
473 4344 576 4411 usque
598 4320 640 4386 ad
669 4330 806 4386 mortem
822 4318 971 4386 Caesaris
993 4317 1074 4403 fuit3
1097 4318 1230 4385 tandem
1250 4343 1358 4389 rever·

58 4447 113 4491 sus
135 4425 276 4512 Pragem
307 4427 341 4490 in
363 4428 505 4515 priorem
529 4450 622 4493 suum
645 4427 761 4509 locum,
801 4435 833 4491 et
855 4424 930 4490 dum
956 4421 1119 4512 quoddam
1141 4432 1268 4514 tempus
1291 4438 1374 4492 non?

57 4529 142 4595 adeo
179 4529 311 4618 longum
348 4533 577 4618 praeteriisset,
612 4532 701 4620 (nam
731 4539 805 4617 post
826 4531 1053 4619 imperatorem
1088 4549 1148 4594 rex
1182 4529 1374 4596 Ladislaus‘

57 4634 145 4701 filius
169 4635 314 4720 ejusdem
331 4634 408 4725 (sic)
441 4658 507 4702 non
529 4636 588 4702 diu
608 4636 708 4723 rexit)
724 4636 941 4725 Rokyczanus
964 4633 1117 4701 continuo
1140 4634 1376 4723 archiepisco·

55 4749 171 4828 patum
206 4738 426 4826 desiderabat,
450 4742 580 4837 'mentis
614 4740 756 4830 quietem
778 4763 844 4807 non
865 4740 992 4808 babens
1024 4741 1070 4811 cb
1088 4742 1258 4829 pinguem
1272 4758 1375 4824 prae-
