2948 5040
1283 163 1346 235 116

49 339 175 405 honore
208 346 246 407 et¹
274 335 494 426 vana-lande,
526 336 693 423 cupientes
731 334 843 401 extolli
875 357 895 400 a
928 334 1078 421 gentibus
1100 337 1345 427 ‚circumjacen-

29 446 140 511 tibus
184 452 231 515 et
247 441 361 507 haberi
368 463 455 529 pro
492 441 577 506 veris
606 439 717 506 christ
695 442 790 505 tranis
828 447 883 504 et
902 447 1032 506 sanctae
1066 441 1223 510 ecclesiae
1269 445 1346 531 filiis

53 551 204 639 (loquor,
239 557 275 614 ut
295 568 348 612 res
371 545 555 634 spirituales
588 546 754 619 concernit
782 552 830 609 et
848 545 895 609 eis
919 546 1094 632 convenit),
1134 569 1216 635 quae
1239 557 1348 619 tamen

52 677 132 721 vera
155 662 189 718 et
207 652 301 717 firma
322 651 403 717 fides
426 673 491 717 non
515 650 655 747 requirit.
709 636 753 715 'Et
776 671 837 715 con
838 648 987 715 tinetur
978 673 1012 715 ιιι
1034 673 1128 719 saera
1148 653 1214 720 Dei
1247 658 1347 746 scrip·

52 768 137 837 tura,
160 757 244 822 dum
260 756 356 822 homo
380 754 559 834 secundum
580 742 645 821 Dei
667 753 866 821 voluntatem
886 756 969 823 vivit
1004 742 1124 844 sancte,
1148 769 1180 826 et
1201 760 1348 844 honeste,

56 889 195 934 servans
226 876 258 931 et
290 865 469 932 observans
492 861 645 929 mandata
665 862 751 945 Dei,
779 859 865 951 quod
887 871 977 930 actus
999 864 1087 932 illius
1125 865 1264 932 eundem
1300 869 1349 935 di·

56 973 206 1059 vulgent,
240 970 403 1049 celebrem
438 969 586 1052 reddant,
610 977 643 1033 et
664 969 883 1041 testimonium
905 969 946 1035 de
968 969 1023 1036 illo
1045 969 1167 1057 ubique
1196 972 1349 1058 tribuant,

56 1078 148 1143 illum
175 1097 247 1141 esse
269 1097 383 1143 verum
405 1074 626 1160 christianum,
649 1081 682 1138 et
701 1073 803 1138 filium
820 1136 823 1141 ,
839 1096 937 1141 verae
974 1097 1112 1162 sponsae
1146 1072 1269 1141 Christi
1299 1097 1353 1141 ece

58 1182 188 1247 clesiae.
233 1178 298 1260 Qui
325 1188 432 1247 autem
464 1177 562 1243 fidem
594 1177 659 1243 Dei
691 1174 802 1243 veram
835 1201 901 1244 non
922 1178 1075 1266 possidet,
1113 1178 1227 1245 sedin
1248 1179 1350 1245 variis
1459 1252 1462 1257 ,

57 1284 173 1351 mundi
204 1283 340 1367 deliciis,
366 1282 464 1348 etita
485 1283 520 1346 in
543 1281 691 1347 omnibus
716 1282 859 1369 corporis
883 1291 915 1348 et
936 1285 1064 1351 animae
1086 1283 1180 1352 malis
1192 1291 1350 1362 versatur,
1436 1262 1443 1277 ³

61 1389 156 1478 quod
183 1388 265 1454 haec
299 1389 364 1474 ipsi
394 1387 533 1452 fructum
555 1386 679 1451 nullum
709 1385 868 1471 adferant,
890 1389 1171 1475 qvamvismmnes
1192 1386 1352 1453 tubicines

58 1496 94 1559 in
125 1500 192 1557 toto
222 1490 343 1563 mundo
372 1490 445 1555 e'um
461 1489 684 1576 divulgarent,
707 1489 799 1555 illum
823 1513 895 1556 esse
931 1512 1044 1557 verum
1076 1491 1297 1591 christianum,
1320 1499 1354 1556 et

61 1619 175 1663 omnes
197 1594 309 1684 populi
326 1594 431 1660 talem
449 1616 521 1660 esse
543 1593 777 1681 profiterentur
798 1595 890 1660 Deus
913 1597 1000 1661 enim
1021 1618 1086 1662 non
1094 1586 1236 1677 intuetur
1256 1596 1355 1661 talem

45 1701 175 1768 'mundi
197 1699 322 1791 deliciis
343 1699 435 1764 inflat
423 1708 489 1764 tum
511 1698 684 1776 hominem,
708 1699 766 1766 sed
788 1698 895 1776 talem,
916 1701 970 1787 qui
1003 1702 1149 1766 sincerae
1182 1698 1356 1785 religionis

62 1815 122 1873 ιιι.
169 1804 206 1871 Si
229 1826 306 1890 ergo
330 1814 486 1890 egerunt
488 1802 529 1868 de
561 1802 619 1868 tali
640 1803 893 1892 proclamatione
916 1804 1017 1883 (sicut
1043 1827 1109 1870 non
1145 1803 1281 1887 dubito),
1318 1813 1354 1868 ut

65 1906 269 1976 solummodo
293 1931 408 1995 paoem
431 1907 643 1996 temporalem
667 1929 687 1973 a
709 1906 945 1973 detractoribus
967 1908 1089 1975 habere
1110 1912 1246 1998 possint,
1276 1920 1353 1978 tune

64 2013 149 2079 illud
182 2013 299 2080 stabile
334 2013 404 2097 erit,
428 2020 463 2077 ut
500 2010 565 2087 tela
586 2033 786 2124 araneorum.
831 2012 883 2079 De
906 2011 1035 2150 quibus
1044 2012 1129 2101 infra
1148 2015 1243 2102 plura
1263 2015 1353 2082 audi·

67 2126 192 2207 entur

494 2280 497 2287 ¹
605 2272 804 2403 'emur
784 2335 817 2402 5.

63 2528 103 2588 Ιιι
125 2550 182 2607 quo
204 2537 332 2605 notatur,
355 2533 433 2607 quod
448 2532 539 2590 finitis
562 2532 610 2591 his
632 2531 758 2592 comitiis
780 2532 912 2592 solemne
935 2529 984 2593 To
1004 2528 1102 2591 Deum
1112 2533 1267 2593 laudamus
1279 2533 1353 2593 cele·

63 2618 191 2696 bratum,
215 2625 244 2676 et
265 2619 415 2695 campanis
439 2620 653 2697 compulsatum
664 2617 759 2680 fuerit.
781 2621 858 2679 Item
869 2618 1015 2695 Princeps
1028 2626 1058 2676 et
1078 2620 1219 2697 magister
1237 2621 1355 2681 Passek

62 2705 152 2764 fidem
183 2722 267 2764 suam
300 2724 398 2765 coram
444 2707 578 2766 omnibus
617 2705 744 2766 statibus
789 2705 918 2787 professi
956 2704 1076 2765 fuerint
1129 2707 1205 2767 Item
1239 2708 1357 2785 qualem

62 2792 170 2852 author
189 2788 278 2869 hujus
299 2792 368 2852 libri
391 2793 555 2853 discursum
577 2813 644 2853 cum
666 2795 794 2870 quodem
816 2794 969 2853 sacerdote
992 2791 1178 2855 Hradocensi
1199 2796 1354 2857 occasione

406 2880 487 2940 illius
516 2881 631 2941 Passek
663 2881 851 2958 professionis
873 2878 1017 2942 habuerit.
1052 2923 1055 2927 .

71 3124 76 3132 .
150 3068 325 3140 Absolutis·
351 3067 401 3149 his
439 3069 576 3133 comitiis
613 3076 714 3134 status
742 3065 987 3139 ,ecclesiasticus
1018 3064 1175 3132 recedens
1196 3088 1251 3157 'ex
1282 3087 1358 3133 arce
1413 3135 1418 3146 ,

63 3173 241 3258 mandarit,
274 3181 310 3238 ut
337 3173 373 3237 in
404 3181 472 3239 tota
493 3172 623 3239 civitate
659 3172 816 3258 Pragensi
848 3169 1016 3258 pulsentur
1050 3192 1228 3258 campanae
1268 3172 1357 3237 etin

65 3276 215 3349 ecclesiis
247 3277 295 3343 Te
332 3277 442 3343 Deum
463 3278 648 3353 ..laudamus
684 3277 881 3360 decantetur,
914 3274 1000 3363 quod
1019 3275 1111 3341 Deus
1144 3273 1296 3360 dignatus
1318 3277 1360 3341 sit

63 3385 138 3450 illos
175 3405 249 3448 cum
284 3382 377 3471 parte
398 3383 543 3448 Romans
564 3382 607 3447 ad
629 3381 785 3446 unitatem
805 3380 883 3447 fidei
906 3378 1099 3452 christianae
1132 3387 1163 3443 et
1185 3379 1360 3445 amicitiam

67 3485 257 3578 perducere.
301 3487 486 3575 Antequam
501 3513 504 3519 ¹
521 3495 630 3551 autem
651 3485 757 3552 adhuc
779 3486 844 3553 alia
866 3487 1017 3571 scribam,
1040 3504 1179 3570 sequens
1190 3505 1256 3549 non
1267 3505 1358 3573 prae·

66 3591 268 3679 tereundum0
293 3600 351 3659 est.
402 3592 490 3657 Dum
523 3592 558 3657 in
585 3591 636 3655 his
674 3590 812 3657 comitiis
849 3592 939 3658 varia
975 3590 1157 3675 aenigmata
1188 3587 1357 3670 occasione
1385 3608 1388 3613 ·

67 3707 343 3788 compactatorum
366 3698 532 3784 proposita
552 3696 698 3780 fuissent,
721 3703 788 3762 tum
810 3697 965 3786 Princeps
987 3691 1237 3785 praecedentem
1267 3715 1358 3761 sanc·

66 3814 136 3871 tum
159 3803 335 3886 doctorem,
360 3822 455 3889 quem
476 3800 611 3866 firmiter
634 3802 726 3888 sequi
747 3800 922 3889 inceperat,
943 3801 1118 3867 Martinum
1141 3821 1259 3887 nempe
1284 3798 1359 3865 Lut-

65 3908 205 3993 therum,
229 3909 366 3996 turpiter
388 3906 581 3994 contempsit
603 3914 635 3971 et
656 3904 868 3994 despectuose
891 3907 931 3972 de
964 3905 1020 3971 illo
1058 3914 1091 3971 et
1113 3901 1259 3993 ejusdem
1281 3903 1358 3992 dog-

64 4020 152 4087 mate
173 4010 297 4079 locutus
319 4012 389 4096 fuit,
413 4009 508 4076 simul
530 4010 627 4076 etiam
648 4009 746 4076 fidem
784 4033 874 4077 suam
906 4011 1086 4076 Romanam
1123 4018 1155 4076 et
1207 4008 1357 4099 papalem

67 4141 179 4187 eoram
214 4117 363 4183 omnibus
394 4115 428 4181 in
462 4113 600 4187 comitiis
638 4115 862 4203 praesentibus
895 4115 1060 4204 professus
1081 4114 1151 4180 fuit.
1187 4114 1292 4198 Ecce,
1323 4115 1358 4178 in
1442 4102 1452 4113 “

67 4248 165 4315 quam
202 4233 326 4312 partem
360 4222 413 4287 hic
445 4221 541 4286 homo
579 4217 757 4304 deflexerit,
780 4221 1037 4308 quamprimum
1060 4242 1102 4287 ex
1138 4219 1309 4306 Hungaria
1339 4241 1360 4297 a

67 4352 145 4417 rege
182 4330 282 4412 venit,
331 4328 383 4414 qui
419 4327 508 4414 prius
543 4349 601 4414 pro
633 4325 776 4392 Luthero
812 4334 948 4391 mortem
982 4324 1173 4410 subivisset3
1204 4324 1376 4411 magister.
1460 4342 1462 4347 ·

67 4433 195 4511 Passek
229 4434 326 4499 etiam
362 4432 423 4497 hac
455 4433 509 4497 via
529 4431 621 4498 illum
657 4440 795 4514 secutus,
819 4430 931 4514 eadem
955 4431 1007 4496 die
1045 4429 1170 4495 locutus
1201 4438 1251 4494 est
1272 4449 1361 4495 assu·

65 4561 161 4606 mens
201 4560 381 4606 sermonem
405 4537 535 4621 Christi,
560 4559 655 4626 quem
677 4536 810 4626 protulit
846 4538 879 4602 in
903 4558 1005 4602 coena
1035 4534 1171 4620 {ultima
1192 4530 1360 4619 discipulis

67 4645 151 4724 suis,
180 4666 298 4766 nempe
330 4643 414 4733 quod
439 4644 601 4730 acceperit
621 4665 749 4731 panem,
772 4641 987 4723 benedixerit,
1015 4638 1158 4724 fregerit,
1182 4659 1221 4704 ac
1249 4636 1354 4701 distri-

66 4749 199 4829 buerit
196 4750 255 4823 cis
289 4749 419 4819 dicens:
440 4747 603 4861 Accipite
611 4755 644 4813 et
679 4745 890 4834 manducate,
924 4743 987 4811 hoc
1013 4750 1068 4809 est
1093 4761 1221 4909 corpps
1246 4752 1386 4817 meum,
