<?xml version="1.0" encoding="UTF-8"?>
<!DOCTYPE html PUBLIC "-//W3C//DTD XHTML 1.0 Transitional//EN"
    "http://www.w3.org/TR/xhtml1/DTD/xhtml1-transitional.dtd">
<html xmlns="http://www.w3.org/1999/xhtml" xml:lang="en" lang="en">
 <head>
  <title>
</title>
<meta http-equiv="Content-Type" content="text/html;charset=utf-8" />
  <meta name='ocr-system' content='tesseract 3.04.00' />
  <meta name='ocr-capabilities' content='ocr_page ocr_carea ocr_par ocr_line ocrx_word'/>
</head>
<body>
  <div class='ocr_page' id='page_1' title='image "./desbartholomusv00bartgoog_0032.png"; bbox 0 0 2948 5040; ppageno 0'>
   <div class='ocr_carea' id='block_1_1' title="bbox 463 912 972 1046">
    <p class='ocr_par' dir='ltr' id='par_1_1' title="bbox 463 912 972 1046">
     <span class='ocr_line' id='line_1_1' title="bbox 463 912 972 1046; baseline -0.004 0"><span class='ocrx_word' id='word_1_1' title='bbox 463 914 671 1046; x_wconf 80' lang='lat' dir='ltr'>LIBER</span> <span class='ocrx_word' id='word_1_2' title='bbox 696 912 972 1046; x_wconf 80' lang='lat' dir='ltr'><strong>PRIMUS.</strong></span> 
     </span>
    </p>
   </div>
   <div class='ocr_carea' id='block_1_2' title="bbox 63 1145 1364 1658">
    <p class='ocr_par' dir='ltr' id='par_1_2' title="bbox 69 1145 1364 1239">
     <span class='ocr_line' id='line_1_2' title="bbox 69 1145 1364 1239; baseline 0 -18"><span class='ocrx_word' id='word_1_3' title='bbox 69 1152 169 1237; x_wconf 75' lang='lat' dir='ltr'>Quod</span> <span class='ocrx_word' id='word_1_4' title='bbox 188 1174 252 1221; x_wconf 84' lang='lat' dir='ltr'>rex</span> <span class='ocrx_word' id='word_1_5' title='bbox 270 1149 472 1221; x_wconf 83' lang='lat' dir='ltr'>Wladislnus</span> <span class='ocrx_word' id='word_1_6' title='bbox 495 1157 664 1238; x_wconf 82' lang='lat' dir='ltr'>susceptus</span> <span class='ocrx_word' id='word_1_7' title='bbox 696 1147 794 1216; x_wconf 85' lang='lat' dir='ltr'>fuerit</span> <span class='ocrx_word' id='word_1_8' title='bbox 822 1170 844 1215; x_wconf 82' lang='lat' dir='ltr'>a</span> <span class='ocrx_word' id='word_1_9' title='bbox 863 1146 1019 1215; x_wconf 90' lang='lat' dir='ltr'>Bohemis</span> <span class='ocrx_word' id='word_1_10' title='bbox 1049 1171 1109 1238; x_wconf 91' lang='lat' dir='ltr'>pro</span> <span class='ocrx_word' id='word_1_11' title='bbox 1130 1174 1210 1239; x_wconf 87' lang='lat' dir='ltr'>rege</span> <span class='ocrx_word' id='word_1_12' title='bbox 1243 1145 1282 1220; x_wconf 58' lang='lat' dir='ltr'>et&#39;</span> <span class='ocrx_word' id='word_1_13' title='bbox 1307 1154 1364 1221; x_wconf 89' lang='lat' dir='ltr'>do·</span> 
     </span>
    </p>

    <p class='ocr_par' dir='ltr' id='par_1_3' title="bbox 65 1253 1360 1344">
     <span class='ocr_line' id='line_1_3' title="bbox 65 1253 1360 1344; baseline 0.001 -19"><span class='ocrx_word' id='word_1_14' title='bbox 65 1261 156 1325; x_wconf 89' lang='lat' dir='ltr'>mino</span> <span class='ocrx_word' id='word_1_15' title='bbox 177 1258 273 1344; x_wconf 84' lang='lat' dir='ltr'>regni</span> <span class='ocrx_word' id='word_1_16' title='bbox 293 1256 482 1339; x_wconf 89' lang='lat' dir='ltr'>Bohemiae,</span> <span class='ocrx_word' id='word_1_17' title='bbox 506 1262 540 1321; x_wconf 90' lang='lat' dir='ltr'>ot</span> <span class='ocrx_word' id='word_1_18' title='bbox 560 1276 644 1343; x_wconf 88' lang='lat' dir='ltr'>quae</span> <span class='ocrx_word' id='word_1_19' title='bbox 664 1253 721 1320; x_wconf 92' lang='lat' dir='ltr'>illo</span> <span class='ocrx_word' id='word_1_20' title='bbox 742 1262 901 1341; x_wconf 82' lang='lat' dir='ltr'>regnante</span> <span class='ocrx_word' id='word_1_21' title='bbox 923 1254 1127 1342; x_wconf 84' lang='lat' dir='ltr'><strong>contigerint.</strong></span> <span class='ocrx_word' id='word_1_22' title='bbox 1163 1257 1295 1325; x_wconf 79' lang='lat' dir='ltr'>Deinde</span> <span class='ocrx_word' id='word_1_23' title='bbox 1316 1259 1360 1327; x_wconf 85' lang='lat' dir='ltr'>de</span> 
     </span>
    </p>

    <p class='ocr_par' dir='ltr' id='par_1_4' title="bbox 63 1358 1362 1451">
     <span class='ocr_line' id='line_1_4' title="bbox 63 1358 1362 1451; baseline 0 -20"><span class='ocrx_word' id='word_1_24' title='bbox 63 1386 146 1451; x_wconf 86' lang='lat' dir='ltr'>rego</span> <span class='ocrx_word' id='word_1_25' title='bbox 178 1362 348 1431; x_wconf 84' lang='lat' dir='ltr'>Ludovioo</span> <span class='ocrx_word' id='word_1_26' title='bbox 382 1359 528 1450; x_wconf 87' lang='lat' dir='ltr'>ejusdem</span> <span class='ocrx_word' id='word_1_27' title='bbox 560 1359 638 1439; x_wconf 88' lang='lat' dir='ltr'>filio,</span> <span class='ocrx_word' id='word_1_28' title='bbox 670 1358 712 1427; x_wconf 88' lang='lat' dir='ltr'>de</span> <span class='ocrx_word' id='word_1_29' title='bbox 733 1359 878 1425; x_wconf 87' lang='lat' dir='ltr'>violenta</span> <span class='ocrx_word' id='word_1_30' title='bbox 898 1359 1084 1446; x_wconf 83' lang='lat' dir='ltr'>afflictione,</span> <span class='ocrx_word' id='word_1_31' title='bbox 1107 1362 1241 1430; x_wconf 88' lang='lat' dir='ltr'>miseria</span> <span class='ocrx_word' id='word_1_32' title='bbox 1262 1372 1296 1431; x_wconf 86' lang='lat' dir='ltr'>et</span> <span class='ocrx_word' id='word_1_33' title='bbox 1316 1365 1362 1451; x_wconf 83' lang='lat' dir='ltr'>vi,</span> 
     </span>
    </p>

    <p class='ocr_par' dir='ltr' id='par_1_5' title="bbox 65 1464 1364 1658">
     <span class='ocr_line' id='line_1_5' title="bbox 65 1464 1364 1555; baseline 0.002 -19"><span class='ocrx_word' id='word_1_34' title='bbox 65 1470 180 1537; x_wconf 82' lang='lat' dir='ltr'>multis</span> <span class='ocrx_word' id='word_1_35' title='bbox 211 1465 400 1536; x_wconf 87' lang='lat' dir='ltr'>hominibus</span> <span class='ocrx_word' id='word_1_36' title='bbox 431 1466 558 1553; x_wconf 89' lang='lat' dir='ltr'>Pragae</span> <span class='ocrx_word' id='word_1_37' title='bbox 591 1466 662 1531; x_wconf 89' lang='lat' dir='ltr'>sine</span> <span class='ocrx_word' id='word_1_38' title='bbox 695 1465 792 1553; x_wconf 83' lang='lat' dir='ltr'>eulpa</span> <span class='ocrx_word' id='word_1_39' title='bbox 813 1464 912 1531; x_wconf 87' lang='lat' dir='ltr'>illatis</span> <span class='ocrx_word' id='word_1_40' title='bbox 943 1487 965 1532; x_wconf 83' lang='lat' dir='ltr'>a</span> <span class='ocrx_word' id='word_1_41' title='bbox 996 1465 1218 1555; x_wconf 85' lang='lat' dir='ltr'>superioribus</span> <span class='ocrx_word' id='word_1_42' title='bbox 1239 1476 1364 1537; x_wconf 78' lang='lat' dir='ltr'>tantum</span> 
     </span>
     <span class='ocr_line' id='line_1_6' title="bbox 404 1567 1021 1658; baseline -0.006 -19"><span class='ocrx_word' id='word_1_43' title='bbox 404 1568 635 1655; x_wconf 64' lang='lat' dir='ltr'>aeronibus,</span> <span class='ocrx_word' id='word_1_44' title='bbox 659 1568 719 1637; x_wconf 90' lang='lat' dir='ltr'>sub</span> <span class='ocrx_word' id='word_1_45' title='bbox 741 1570 903 1658; x_wconf 90' lang='lat' dir='ltr'>regimine</span> <span class='ocrx_word' id='word_1_46' title='bbox 923 1567 1021 1637; x_wconf 85' lang='lat' dir='ltr'>illius.</span> 
     </span>
    </p>
   </div>
   <div class='ocr_carea' id='block_1_3' title="bbox 225 1879 1205 2108">
    <p class='ocr_par' dir='ltr' id='par_1_6' title="bbox 225 1879 1205 2108">
     <span class='ocr_line' id='line_1_7' title="bbox 614 1879 813 1951; baseline -0.005 0"><span class='ocrx_word' id='word_1_47' title='bbox 614 1879 762 1951; x_wconf 74' lang='lat' dir='ltr'>CAPUT</span> <span class='ocrx_word' id='word_1_48' title='bbox 786 1882 813 1950; x_wconf 92' lang='lat'>1.</span> 
     </span>
     <span class='ocr_line' id='line_1_8' title="bbox 225 2026 1205 2108; baseline 0.001 -19"><span class='ocrx_word' id='word_1_49' title='bbox 225 2027 291 2104; x_wconf 88' lang='lat' dir='ltr'>(De</span> <span class='ocrx_word' id='word_1_50' title='bbox 310 2046 384 2108; x_wconf 84' lang='lat' dir='ltr'>rege</span> <span class='ocrx_word' id='word_1_51' title='bbox 406 2028 575 2091; x_wconf 84' lang='lat' dir='ltr'>Wladislao</span> <span class='ocrx_word' id='word_1_52' title='bbox 598 2035 628 2088; x_wconf 85' lang='lat' dir='ltr'>et</span> <span class='ocrx_word' id='word_1_53' title='bbox 651 2028 688 2089; x_wconf 83' lang='lat' dir='ltr'>de</span> <span class='ocrx_word' id='word_1_54' title='bbox 710 2026 916 2106; x_wconf 82' lang='lat' dir='ltr'>conjuratione</span> <span class='ocrx_word' id='word_1_55' title='bbox 937 2028 1019 2108; x_wconf 84' lang='lat' dir='ltr'>rogis</span> <span class='ocrx_word' id='word_1_56' title='bbox 1040 2028 1205 2102; x_wconf 82' lang='lat' dir='ltr'>Mathiae.)</span> 
     </span>
    </p>
   </div>
   <div class='ocr_carea' id='block_1_4' title="bbox 61 2210 1365 2932">
    <p class='ocr_par' dir='ltr' id='par_1_7' title="bbox 61 2210 1365 2932">
     <span class='ocr_line' id='line_1_9' title="bbox 158 2210 1363 2304; baseline -0.002 -23"><span class='ocrx_word' id='word_1_57' title='bbox 158 2212 253 2281; x_wconf 87' lang='lat' dir='ltr'>Anno</span> <span class='ocrx_word' id='word_1_58' title='bbox 276 2235 297 2278; x_wconf 87' lang='lat' dir='ltr'>a</span> <span class='ocrx_word' id='word_1_59' title='bbox 317 2210 488 2279; x_wconf 81' lang='lat' dir='ltr'>nativitate</span> <span class='ocrx_word' id='word_1_60' title='bbox 509 2210 588 2282; x_wconf 80' lang='lat' dir='ltr'>Filii</span> <span class='ocrx_word' id='word_1_61' title='bbox 612 2215 675 2281; x_wconf 90' lang='lat' dir='ltr'>Dei</span> <span class='ocrx_word' id='word_1_62' title='bbox 697 2215 871 2282; x_wconf 87' lang='lat' dir='ltr'>millesimo</span> <span class='ocrx_word' id='word_1_63' title='bbox 895 2212 1215 2304; x_wconf 80' lang='lat' dir='ltr'>quadringentesimo</span> <span class='ocrx_word' id='word_1_64' title='bbox 1234 2218 1363 2300; x_wconf 81' lang='lat' dir='ltr'>septua-</span> 
     </span>
     <span class='ocr_line' id='line_1_10' title="bbox 69 2316 1363 2409; baseline -0.002 -26"><span class='ocrx_word' id='word_1_65' title='bbox 69 2316 195 2405; x_wconf 88' lang='lat' dir='ltr'>gesimo</span> <span class='ocrx_word' id='word_1_66' title='bbox 215 2319 332 2406; x_wconf 91' lang='lat' dir='ltr'>primo,</span> <span class='ocrx_word' id='word_1_67' title='bbox 356 2338 421 2383; x_wconf 90' lang='lat' dir='ltr'>uno</span> <span class='ocrx_word' id='word_1_68' title='bbox 444 2319 623 2409; x_wconf 85' lang='lat' dir='ltr'>eodemque</span> <span class='ocrx_word' id='word_1_69' title='bbox 645 2342 731 2387; x_wconf 91' lang='lat' dir='ltr'>anno</span> <span class='ocrx_word' id='word_1_70' title='bbox 753 2329 987 2409; x_wconf 88' lang='lat' dir='ltr'>postmortem</span> <span class='ocrx_word' id='word_1_71' title='bbox 1008 2322 1097 2407; x_wconf 88' lang='lat' dir='ltr'>regis</span> <span class='ocrx_word' id='word_1_72' title='bbox 1120 2316 1256 2405; x_wconf 75' lang='lat' dir='ltr'>Georgii</span> <span class='ocrx_word' id='word_1_73' title='bbox 1268 2336 1363 2405; x_wconf 89' lang='lat' dir='ltr'>prae·</span> 
     </span>
     <span class='ocr_line' id='line_1_11' title="bbox 65 2423 1364 2511; baseline -0.002 -23"><span class='ocrx_word' id='word_1_74' title='bbox 65 2423 178 2488; x_wconf 83' lang='lat' dir='ltr'>clarae</span> <span class='ocrx_word' id='word_1_75' title='bbox 198 2423 385 2507; x_wconf 85' lang='lat' dir='ltr'>memoriae,</span> <span class='ocrx_word' id='word_1_76' title='bbox 406 2424 443 2487; x_wconf 91' lang='lat' dir='ltr'>in</span> <span class='ocrx_word' id='word_1_77' title='bbox 464 2423 546 2490; x_wconf 88' lang='lat' dir='ltr'>festo</span> <span class='ocrx_word' id='word_1_78' title='bbox 568 2424 715 2511; x_wconf 84' lang='lat' dir='ltr'>Virginis</span> <span class='ocrx_word' id='word_1_79' title='bbox 737 2425 862 2491; x_wconf 85' lang='lat' dir='ltr'>Mariae</span> <span class='ocrx_word' id='word_1_80' title='bbox 883 2427 918 2490; x_wconf 91' lang='lat' dir='ltr'>in</span> <span class='ocrx_word' id='word_1_81' title='bbox 941 2424 1049 2491; x_wconf 83' lang='lat' dir='ltr'>caelos</span> <span class='ocrx_word' id='word_1_82' title='bbox 1070 2430 1258 2511; x_wconf 77' lang='lat' dir='ltr'><strong>assumptae</strong></span> <span class='ocrx_word' id='word_1_83' title='bbox 1279 2441 1364 2487; x_wconf 83' lang='lat' dir='ltr'>sore·</span> 
     </span>
     <span class='ocr_line' id='line_1_12' title="bbox 62 2523 1365 2617; baseline -0.001 -25"><span class='ocrx_word' id='word_1_84' title='bbox 62 2528 221 2594; x_wconf 87' lang='lat' dir='ltr'>nissimus</span> <span class='ocrx_word' id='word_1_85' title='bbox 242 2528 400 2617; x_wconf 82' lang='lat' dir='ltr'>Princeps</span> <span class='ocrx_word' id='word_1_86' title='bbox 423 2537 456 2594; x_wconf 88' lang='lat' dir='ltr'>et</span> <span class='ocrx_word' id='word_1_87' title='bbox 484 2529 646 2595; x_wconf 77' lang='lat' dir='ltr'>Dominus</span> <span class='ocrx_word' id='word_1_88' title='bbox 668 2530 831 2596; x_wconf 82' lang='lat' dir='ltr'>Dominus</span> <span class='ocrx_word' id='word_1_89' title='bbox 853 2528 1064 2614; x_wconf 78' lang='lat' dir='ltr'>Wladislans,</span> <span class='ocrx_word' id='word_1_90' title='bbox 1085 2529 1172 2596; x_wconf 86' lang='lat' dir='ltr'>filius</span> <span class='ocrx_word' id='word_1_91' title='bbox 1202 2523 1365 2615; x_wconf 79' lang='lat' dir='ltr'>quondum</span> 
     </span>
     <span class='ocr_line' id='line_1_13' title="bbox 64 2630 1364 2721; baseline -0.002 -23"><span class='ocrx_word' id='word_1_92' title='bbox 64 2630 219 2698; x_wconf 81' lang='lat' dir='ltr'>Oasimiri</span> <span class='ocrx_word' id='word_1_93' title='bbox 239 2631 395 2699; x_wconf 88' lang='lat' dir='ltr'>Poloniae</span> <span class='ocrx_word' id='word_1_94' title='bbox 412 2634 510 2720; x_wconf 84' lang='lat' dir='ltr'>regis,</span> <span class='ocrx_word' id='word_1_95' title='bbox 532 2654 653 2699; x_wconf 88' lang='lat' dir='ltr'>annum</span> <span class='ocrx_word' id='word_1_96' title='bbox 669 2637 784 2700; x_wconf 88' lang='lat' dir='ltr'>aetatis</span> <span class='ocrx_word' id='word_1_97' title='bbox 800 2656 878 2701; x_wconf 89' lang='lat' dir='ltr'>suae</span> <span class='ocrx_word' id='word_1_98' title='bbox 894 2657 996 2721; x_wconf 85' lang='lat' dir='ltr'>agens</span> <span class='ocrx_word' id='word_1_99' title='bbox 1018 2635 1182 2702; x_wconf 77' lang='lat' dir='ltr'>decimum</span> <span class='ocrx_word' id='word_1_100' title='bbox 1203 2641 1364 2714; x_wconf 85' lang='lat' dir='ltr'>ootavum,</span> 
     </span>
     <span class='ocr_line' id='line_1_14' title="bbox 61 2736 1364 2828; baseline -0.002 -23"><span class='ocrx_word' id='word_1_101' title='bbox 61 2741 161 2828; x_wconf 85' lang='lat' dir='ltr'>juxta</span> <span class='ocrx_word' id='word_1_102' title='bbox 182 2739 447 2805; x_wconf 80' lang='lat' dir='ltr'>informationem</span> <span class='ocrx_word' id='word_1_103' title='bbox 477 2739 642 2805; x_wconf 87' lang='lat' dir='ltr'>seniorum</span> <span class='ocrx_word' id='word_1_104' title='bbox 661 2736 704 2805; x_wconf 91' lang='lat' dir='ltr'>ab</span> <span class='ocrx_word' id='word_1_105' title='bbox 727 2738 876 2806; x_wconf 90' lang='lat' dir='ltr'>omnibus</span> <span class='ocrx_word' id='word_1_106' title='bbox 899 2739 1003 2806; x_wconf 86' lang='lat' dir='ltr'>tribus</span> <span class='ocrx_word' id='word_1_107' title='bbox 1026 2738 1164 2806; x_wconf 85' lang='lat' dir='ltr'>statibus</span> <span class='ocrx_word' id='word_1_108' title='bbox 1186 2737 1281 2823; x_wconf 88' lang='lat' dir='ltr'>regni</span> <span class='ocrx_word' id='word_1_109' title='bbox 1299 2736 1364 2803; x_wconf 89' lang='lat' dir='ltr'>Bo·</span> 
     </span>
     <span class='ocr_line' id='line_1_15' title="bbox 63 2843 1364 2932; baseline -0.002 -21"><span class='ocrx_word' id='word_1_110' title='bbox 63 2845 194 2911; x_wconf 89' lang='lat' dir='ltr'>hemiae</span> <span class='ocrx_word' id='word_1_111' title='bbox 226 2846 263 2910; x_wconf 92' lang='lat' dir='ltr'>in</span> <span class='ocrx_word' id='word_1_112' title='bbox 294 2866 408 2932; x_wconf 85' lang='lat' dir='ltr'>regem</span> <span class='ocrx_word' id='word_1_113' title='bbox 442 2852 475 2909; x_wconf 89' lang='lat' dir='ltr'>et</span> <span class='ocrx_word' id='word_1_114' title='bbox 507 2843 674 2911; x_wconf 90' lang='lat' dir='ltr'>dominum</span> <span class='ocrx_word' id='word_1_115' title='bbox 707 2843 960 2912; x_wconf 83' lang='lat' dir='ltr'>haereditarium</span> <span class='ocrx_word' id='word_1_116' title='bbox 990 2845 1124 2929; x_wconf 80' lang='lat' dir='ltr'>electus,</span> <span class='ocrx_word' id='word_1_117' title='bbox 1162 2851 1196 2909; x_wconf 86' lang='lat' dir='ltr'>ot</span> <span class='ocrx_word' id='word_1_118' title='bbox 1223 2843 1364 2928; x_wconf 70' lang='lat' dir='ltr'>Pragam</span> 
     </span>
    </p>
   </div>
   <div class='ocr_carea' id='block_1_5' title="bbox 64 2936 1366 3247">
    <p class='ocr_par' dir='ltr' id='par_1_8' title="bbox 64 2936 1366 3247">
     <span class='ocr_line' id='line_1_16' title="bbox 64 2936 1365 3039; baseline -0.002 -25"><span class='ocrx_word' id='word_1_119' title='bbox 64 2948 223 3015; x_wconf 87' lang='lat' dir='ltr'>deveotus</span> <span class='ocrx_word' id='word_1_120' title='bbox 244 2948 315 3032; x_wconf 84' lang='lat' dir='ltr'>fuit,</span> <span class='ocrx_word' id='word_1_121' title='bbox 347 2957 380 3013; x_wconf 88' lang='lat' dir='ltr'>et</span> <span class='ocrx_word' id='word_1_122' title='bbox 400 2936 497 3037; x_wconf 85' lang='lat' dir='ltr'>paulo</span> <span class='ocrx_word' id='word_1_123' title='bbox 519 2957 594 3036; x_wconf 89' lang='lat' dir='ltr'>post</span> <span class='ocrx_word' id='word_1_124' title='bbox 615 2957 796 3016; x_wconf 79' lang='lat' dir='ltr'>coronatus.</span> <span class='ocrx_word' id='word_1_125' title='bbox 829 2949 891 3016; x_wconf 91' lang='lat' dir='ltr'>Illo</span> <span class='ocrx_word' id='word_1_126' title='bbox 919 2957 1079 3037; x_wconf 88' lang='lat' dir='ltr'>regnante</span> <span class='ocrx_word' id='word_1_127' title='bbox 1100 2950 1202 3039; x_wconf 90' lang='lat' dir='ltr'>pestis</span> <span class='ocrx_word' id='word_1_128' title='bbox 1232 2946 1295 3013; x_wconf 88' lang='lat' dir='ltr'>fnit</span> <span class='ocrx_word' id='word_1_129' title='bbox 1315 2947 1365 3012; x_wconf 92' lang='lat' dir='ltr'>in-</span> 
     </span>
     <span class='ocr_line' id='line_1_17' title="bbox 64 3051 1365 3142; baseline -0.001 -24"><span class='ocrx_word' id='word_1_130' title='bbox 64 3076 148 3142; x_wconf 89' lang='lat' dir='ltr'>gens</span> <span class='ocrx_word' id='word_1_131' title='bbox 180 3075 241 3141; x_wconf 91' lang='lat' dir='ltr'>per</span> <span class='ocrx_word' id='word_1_132' title='bbox 273 3053 367 3138; x_wconf 88' lang='lat' dir='ltr'>regni</span> <span class='ocrx_word' id='word_1_133' title='bbox 400 3053 585 3137; x_wconf 78' lang='lat' dir='ltr'>districtus,</span> <span class='ocrx_word' id='word_1_134' title='bbox 620 3060 654 3118; x_wconf 91' lang='lat' dir='ltr'>et</span> <span class='ocrx_word' id='word_1_135' title='bbox 674 3055 867 3142; x_wconf 82' lang='lat' dir='ltr'>praesertim</span> <span class='ocrx_word' id='word_1_136' title='bbox 888 3055 1032 3142; x_wconf 77' lang='lat' dir='ltr'>Progne,</span> <span class='ocrx_word' id='word_1_137' title='bbox 1066 3075 1151 3142; x_wconf 90' lang='lat' dir='ltr'>quae</span> <span class='ocrx_word' id='word_1_138' title='bbox 1179 3053 1302 3140; x_wconf 88' lang='lat' dir='ltr'>inoepit</span> <span class='ocrx_word' id='word_1_139' title='bbox 1328 3051 1365 3117; x_wconf 90' lang='lat' dir='ltr'>in</span> 
     </span>
     <span class='ocr_line' id='line_1_18' title="bbox 67 3155 1366 3247; baseline -0.004 -22"><span class='ocrx_word' id='word_1_140' title='bbox 67 3167 224 3225; x_wconf 84' lang='lat' dir='ltr'>autumno</span> <span class='ocrx_word' id='word_1_141' title='bbox 254 3178 339 3224; x_wconf 87' lang='lat' dir='ltr'>anno</span> <span class='ocrx_word' id='word_1_142' title='bbox 372 3157 465 3223; x_wconf 76' lang='lat'>1482.</span> <span class='ocrx_word' id='word_1_143' title='bbox 510 3158 592 3223; x_wconf 82' lang='lat' dir='ltr'>Tam</span> <span class='ocrx_word' id='word_1_144' title='bbox 621 3180 741 3245; x_wconf 87' lang='lat' dir='ltr'>magna</span> <span class='ocrx_word' id='word_1_145' title='bbox 774 3160 876 3247; x_wconf 88' lang='lat' dir='ltr'>pestis</span> <span class='ocrx_word' id='word_1_146' title='bbox 908 3159 1028 3225; x_wconf 88' lang='lat' dir='ltr'>deinde</span> <span class='ocrx_word' id='word_1_147' title='bbox 1050 3156 1190 3247; x_wconf 88' lang='lat' dir='ltr'>amplius</span> <span class='ocrx_word' id='word_1_148' title='bbox 1217 3179 1284 3223; x_wconf 90' lang='lat' dir='ltr'>non</span> <span class='ocrx_word' id='word_1_149' title='bbox 1304 3155 1366 3221; x_wconf 88' lang='lat' dir='ltr'>fuit</span> 
     </span>
    </p>
   </div>
   <div class='ocr_carea' id='block_1_6' title="bbox 64 3260 1365 3454">
    <p class='ocr_par' dir='ltr' id='par_1_9' title="bbox 64 3260 1365 3454">
     <span class='ocr_line' id='line_1_19' title="bbox 64 3260 1365 3353; baseline -0.002 -23"><span class='ocrx_word' id='word_1_150' title='bbox 64 3285 171 3353; x_wconf 91' lang='lat' dir='ltr'>usque</span> <span class='ocrx_word' id='word_1_151' title='bbox 200 3263 346 3329; x_wconf 84' lang='lat' dir='ltr'>adhaec</span> <span class='ocrx_word' id='word_1_152' title='bbox 379 3271 525 3352; x_wconf 83' lang='lat' dir='ltr'>tempora</span> <span class='ocrx_word' id='word_1_153' title='bbox 552 3262 593 3327; x_wconf 89' lang='lat' dir='ltr'>A.</span> <span class='ocrx_word' id='word_1_154' title='bbox 616 3262 660 3328; x_wconf 85' lang='lat' dir='ltr'>D.</span> <span class='ocrx_word' id='word_1_155' title='bbox 686 3265 779 3332; x_wconf 78' lang='lat'><strong>1530.</strong></span> <span class='ocrx_word' id='word_1_156' title='bbox 811 3264 857 3330; x_wconf 81' lang='lat' dir='ltr'>Et</span> <span class='ocrx_word' id='word_1_157' title='bbox 878 3265 956 3330; x_wconf 89' lang='lat' dir='ltr'>dum</span> <span class='ocrx_word' id='word_1_158' title='bbox 978 3264 1036 3331; x_wconf 88' lang='lat' dir='ltr'>illa</span> <span class='ocrx_word' id='word_1_159' title='bbox 1057 3262 1159 3352; x_wconf 89' lang='lat' dir='ltr'>pestis</span> <span class='ocrx_word' id='word_1_160' title='bbox 1181 3260 1365 3344; x_wconf 87' lang='lat' dir='ltr'>finiebatur,</span> 
     </span>
     <span class='ocr_line' id='line_1_20' title="bbox 66 3366 1363 3454; baseline -0.001 -20"><span class='ocrx_word' id='word_1_161' title='bbox 66 3391 154 3434; x_wconf 90' lang='lat' dir='ltr'>anno</span> <span class='ocrx_word' id='word_1_162' title='bbox 177 3366 340 3434; x_wconf 85' lang='lat' dir='ltr'>etiamad</span> <span class='ocrx_word' id='word_1_163' title='bbox 362 3368 461 3433; x_wconf 90' lang='lat' dir='ltr'>finem</span> <span class='ocrx_word' id='word_1_164' title='bbox 483 3376 653 3454; x_wconf 86' lang='lat' dir='ltr'>vergente,</span> <span class='ocrx_word' id='word_1_165' title='bbox 674 3377 753 3434; x_wconf 85' lang='lat' dir='ltr'>tuno</span> <span class='ocrx_word' id='word_1_166' title='bbox 775 3368 830 3434; x_wconf 83' lang='lat' dir='ltr'>die</span> <span class='ocrx_word' id='word_1_167' title='bbox 850 3370 1002 3436; x_wconf 85' lang='lat' dir='ltr'>meronrii</span> <span class='ocrx_word' id='word_1_168' title='bbox 1024 3378 1100 3435; x_wconf 85' lang='lat' dir='ltr'>ante</span> <span class='ocrx_word' id='word_1_169' title='bbox 1114 3368 1235 3434; x_wconf 87' lang='lat' dir='ltr'>festum</span> <span class='ocrx_word' id='word_1_170' title='bbox 1251 3366 1363 3434; x_wconf 88' lang='lat' dir='ltr'>Sanoti</span> 
     </span>
    </p>
   </div>
   <div class='ocr_carea' id='block_1_7' title="bbox 64 3472 1384 4714">
    <p class='ocr_par' dir='ltr' id='par_1_10' title="bbox 64 3472 1384 4714">
     <span class='ocr_line' id='line_1_21' title="bbox 65 3472 1364 3560; baseline -0.003 -20"><span class='ocrx_word' id='word_1_171' title='bbox 65 3474 255 3541; x_wconf 86' lang='lat' dir='ltr'>Weneeslai</span> <span class='ocrx_word' id='word_1_172' title='bbox 277 3495 362 3539; x_wconf 89' lang='lat' dir='ltr'>anno</span> <span class='ocrx_word' id='word_1_173' title='bbox 387 3473 481 3559; x_wconf 84' lang='lat'>1483,</span> <span class='ocrx_word' id='word_1_174' title='bbox 504 3473 661 3540; x_wconf 89' lang='lat' dir='ltr'>tumultus</span> <span class='ocrx_word' id='word_1_175' title='bbox 682 3494 821 3560; x_wconf 88' lang='lat' dir='ltr'>magnus</span> <span class='ocrx_word' id='word_1_176' title='bbox 844 3483 976 3540; x_wconf 86' lang='lat' dir='ltr'>exortus</span> <span class='ocrx_word' id='word_1_177' title='bbox 998 3474 1059 3540; x_wconf 85' lang='lat' dir='ltr'>fuit</span> <span class='ocrx_word' id='word_1_178' title='bbox 1082 3474 1118 3538; x_wconf 90' lang='lat' dir='ltr'>in</span> <span class='ocrx_word' id='word_1_179' title='bbox 1150 3472 1364 3538; x_wconf 82' lang='lat' dir='ltr'>communita-</span> 
     </span>
     <span class='ocr_line' id='line_1_22' title="bbox 65 3575 1362 3667; baseline -0.002 -24"><span class='ocrx_word' id='word_1_180' title='bbox 65 3577 155 3644; x_wconf 88' lang='lat' dir='ltr'>tibus</span> <span class='ocrx_word' id='word_1_181' title='bbox 176 3577 408 3665; x_wconf 84' lang='lat' dir='ltr'>Progensibus,</span> <span class='ocrx_word' id='word_1_182' title='bbox 439 3601 513 3644; x_wconf 88' lang='lat' dir='ltr'>oum</span> <span class='ocrx_word' id='word_1_183' title='bbox 542 3577 702 3644; x_wconf 82' lang='lat' dir='ltr'>seditione</span> <span class='ocrx_word' id='word_1_184' title='bbox 731 3578 823 3662; x_wconf 89' lang='lat' dir='ltr'>mira,</span> <span class='ocrx_word' id='word_1_185' title='bbox 855 3580 903 3644; x_wconf 90' lang='lat' dir='ltr'>ita</span> <span class='ocrx_word' id='word_1_186' title='bbox 924 3578 1010 3667; x_wconf 89' lang='lat' dir='ltr'>quod</span> <span class='ocrx_word' id='word_1_187' title='bbox 1032 3599 1116 3644; x_wconf 90' lang='lat' dir='ltr'>unus</span> <span class='ocrx_word' id='word_1_188' title='bbox 1139 3584 1252 3644; x_wconf 81' lang='lat' dir='ltr'>eontra</span> <span class='ocrx_word' id='word_1_189' title='bbox 1280 3575 1362 3641; x_wconf 87' lang='lat' dir='ltr'>alte·</span> 
     </span>
     <span class='ocr_line' id='line_1_23' title="bbox 65 3680 1365 3773; baseline -0.002 -25"><span class='ocrx_word' id='word_1_190' title='bbox 65 3706 139 3750; x_wconf 88' lang='lat' dir='ltr'>rum</span> <span class='ocrx_word' id='word_1_191' title='bbox 156 3684 212 3771; x_wconf 90' lang='lat' dir='ltr'>jus</span> <span class='ocrx_word' id='word_1_192' title='bbox 235 3704 328 3748; x_wconf 87' lang='lat' dir='ltr'>suum</span> <span class='ocrx_word' id='word_1_193' title='bbox 349 3685 384 3750; x_wconf 88' lang='lat' dir='ltr'>vi</span> <span class='ocrx_word' id='word_1_194' title='bbox 397 3712 400 3717; x_wconf 95' lang='lat'>·</span> <span class='ocrx_word' id='word_1_195' title='bbox 412 3692 444 3749; x_wconf 87' lang='lat' dir='ltr'>et</span> <span class='ocrx_word' id='word_1_196' title='bbox 463 3683 608 3750; x_wconf 88' lang='lat' dir='ltr'>violenta</span> <span class='ocrx_word' id='word_1_197' title='bbox 634 3685 726 3772; x_wconf 82' lang='lat' dir='ltr'>qussi</span> <span class='ocrx_word' id='word_1_198' title='bbox 748 3683 840 3750; x_wconf 86' lang='lat' dir='ltr'>rabie</span> <span class='ocrx_word' id='word_1_199' title='bbox 862 3684 1090 3773; x_wconf 82' lang='lat' dir='ltr'>adimpleverit</span> <span class='ocrx_word' id='word_1_200' title='bbox 1111 3705 1151 3748; x_wconf 87' lang='lat' dir='ltr'>ao</span> <span class='ocrx_word' id='word_1_201' title='bbox 1172 3680 1365 3748; x_wconf 81' lang='lat' dir='ltr'>exercuerit.</span> 
     </span>
     <span class='ocr_line' id='line_1_24' title="bbox 65 3784 1366 3877; baseline -0.002 -26"><span class='ocrx_word' id='word_1_202' title='bbox 65 3786 155 3854; x_wconf 86' lang='lat' dir='ltr'>Illud</span> <span class='ocrx_word' id='word_1_203' title='bbox 175 3787 297 3852; x_wconf 82' lang='lat' dir='ltr'>factum</span> <span class='ocrx_word' id='word_1_204' title='bbox 320 3796 370 3853; x_wconf 88' lang='lat' dir='ltr'>est</span> <span class='ocrx_word' id='word_1_205' title='bbox 389 3789 426 3853; x_wconf 93' lang='lat' dir='ltr'>in</span> <span class='ocrx_word' id='word_1_206' title='bbox 448 3787 597 3855; x_wconf 86' lang='lat' dir='ltr'>absentia</span> <span class='ocrx_word' id='word_1_207' title='bbox 618 3788 742 3854; x_wconf 86' lang='lat' dir='ltr'>domini</span> <span class='ocrx_word' id='word_1_208' title='bbox 764 3789 814 3854; x_wconf 88' lang='lat' dir='ltr'>sui</span> <span class='ocrx_word' id='word_1_209' title='bbox 836 3789 942 3875; x_wconf 87' lang='lat' dir='ltr'>regis,</span> <span class='ocrx_word' id='word_1_210' title='bbox 966 3790 1022 3877; x_wconf 89' lang='lat' dir='ltr'>qui</span> <span class='ocrx_word' id='word_1_211' title='bbox 1044 3787 1152 3855; x_wconf 83' lang='lat' dir='ltr'>aulam</span> <span class='ocrx_word' id='word_1_212' title='bbox 1173 3794 1282 3853; x_wconf 87' lang='lat' dir='ltr'>tamen</span> <span class='ocrx_word' id='word_1_213' title='bbox 1310 3784 1366 3850; x_wconf 88' lang='lat' dir='ltr'>hio</span> 
     </span>
     <span class='ocr_line' id='line_1_25' title="bbox 65 3890 1364 3978; baseline -0.001 -21"><span class='ocrx_word' id='word_1_214' title='bbox 65 3893 193 3978; x_wconf 89' lang='lat' dir='ltr'>Pragae</span> <span class='ocrx_word' id='word_1_215' title='bbox 230 3891 397 3976; x_wconf 80' lang='lat' dir='ltr'>habuerat,</span> <span class='ocrx_word' id='word_1_216' title='bbox 447 3892 504 3959; x_wconf 93' lang='lat' dir='ltr'>ubi</span> <span class='ocrx_word' id='word_1_217' title='bbox 549 3916 631 3959; x_wconf 90' lang='lat' dir='ltr'>unus</span> <span class='ocrx_word' id='word_1_218' title='bbox 676 3892 813 3959; x_wconf 89' lang='lat' dir='ltr'>alterum</span> <span class='ocrx_word' id='word_1_219' title='bbox 850 3895 977 3961; x_wconf 79' lang='lat' dir='ltr'>curavit</span> <span class='ocrx_word' id='word_1_220' title='bbox 1011 3891 1235 3959; x_wconf 87' lang='lat' dir='ltr'>fraudulenter</span> <span class='ocrx_word' id='word_1_221' title='bbox 1271 3890 1364 3956; x_wconf 86' lang='lat' dir='ltr'>deoa-</span> 
     </span>
     <span class='ocr_line' id='line_1_26' title="bbox 66 3995 1365 4086; baseline -0.002 -25"><span class='ocrx_word' id='word_1_222' title='bbox 66 3998 175 4084; x_wconf 84' lang='lat' dir='ltr'>pitam&#39;,</span> <span class='ocrx_word' id='word_1_223' title='bbox 199 3995 280 4062; x_wconf 88' lang='lat' dir='ltr'>alios</span> <span class='ocrx_word' id='word_1_224' title='bbox 303 3998 458 4085; x_wconf 82' lang='lat' dir='ltr'>torqueri,</span> <span class='ocrx_word' id='word_1_225' title='bbox 482 3999 552 4063; x_wconf 90' lang='lat' dir='ltr'>sine</span> <span class='ocrx_word' id='word_1_226' title='bbox 581 4000 715 4086; x_wconf 84' lang='lat' dir='ltr'>praevio</span> <span class='ocrx_word' id='word_1_227' title='bbox 746 3999 907 4081; x_wconf 85' lang='lat' dir='ltr'>examine,</span> <span class='ocrx_word' id='word_1_228' title='bbox 941 4007 1037 4086; x_wconf 89' lang='lat' dir='ltr'>prout</span> <span class='ocrx_word' id='word_1_229' title='bbox 1058 3998 1161 4064; x_wconf 70' lang='lat' dir='ltr'>frisius</span> <span class='ocrx_word' id='word_1_230' title='bbox 1184 3997 1309 4064; x_wconf 83' lang='lat' dir='ltr'>dicetur</span> <span class='ocrx_word' id='word_1_231' title='bbox 1329 3995 1365 4060; x_wconf 91' lang='lat' dir='ltr'>in</span> 
     </span>
     <span class='ocr_line' id='line_1_27' title="bbox 67 4100 1359 4191; baseline -0.001 -24"><span class='ocrx_word' id='word_1_232' title='bbox 67 4102 198 4190; x_wconf 86' lang='lat' dir='ltr'>epilogo</span> <span class='ocrx_word' id='word_1_233' title='bbox 234 4101 350 4188; x_wconf 85' lang='lat' dir='ltr'>eapitis</span> <span class='ocrx_word' id='word_1_234' title='bbox 384 4101 527 4167; x_wconf 85' lang='lat' dir='ltr'>secundi.</span> <span class='ocrx_word' id='word_1_235' title='bbox 572 4103 661 4168; x_wconf 90' lang='lat' dir='ltr'>Dum</span> <span class='ocrx_word' id='word_1_236' title='bbox 693 4103 776 4170; x_wconf 88' lang='lat' dir='ltr'>haee</span> <span class='ocrx_word' id='word_1_237' title='bbox 809 4101 896 4168; x_wconf 83' lang='lat' dir='ltr'>facta</span> <span class='ocrx_word' id='word_1_238' title='bbox 930 4112 1014 4182; x_wconf 91' lang='lat' dir='ltr'>sunt,</span> <span class='ocrx_word' id='word_1_239' title='bbox 1048 4104 1150 4191; x_wconf 89' lang='lat' dir='ltr'>pestis</span> <span class='ocrx_word' id='word_1_240' title='bbox 1175 4101 1267 4167; x_wconf 90' lang='lat' dir='ltr'>finita</span> <span class='ocrx_word' id='word_1_241' title='bbox 1287 4100 1359 4166; x_wconf 88' lang='lat' dir='ltr'>fuit.</span> 
     </span>
     <span class='ocr_line' id='line_1_28' title="bbox 64 4204 1362 4297; baseline -0.002 -24"><span class='ocrx_word' id='word_1_242' title='bbox 64 4208 140 4275; x_wconf 83' lang='lat' dir='ltr'>Rex</span> <span class='ocrx_word' id='word_1_243' title='bbox 172 4204 374 4273; x_wconf 82' lang='lat' dir='ltr'>Wladislaus</span> <span class='ocrx_word' id='word_1_244' title='bbox 407 4229 544 4294; x_wconf 90' lang='lat' dir='ltr'>regnum</span> <span class='ocrx_word' id='word_1_245' title='bbox 576 4206 639 4274; x_wconf 88' lang='lat' dir='ltr'>hoo</span> <span class='ocrx_word' id='word_1_246' title='bbox 675 4210 783 4296; x_wconf 88' lang='lat' dir='ltr'>quiete</span> <span class='ocrx_word' id='word_1_247' title='bbox 806 4206 1000 4295; x_wconf 88' lang='lat' dir='ltr'>gubernavit</span> <span class='ocrx_word' id='word_1_248' title='bbox 1033 4204 1201 4297; x_wconf 84' lang='lat' dir='ltr'>usquead</span> <span class='ocrx_word' id='word_1_249' title='bbox 1223 4213 1362 4272; x_wconf 86' lang='lat' dir='ltr'>mortem</span> 
     </span>
     <span class='ocr_line' id='line_1_29' title="bbox 64 4308 1363 4400; baseline -0.001 -24"><span class='ocrx_word' id='word_1_250' title='bbox 64 4309 209 4376; x_wconf 86' lang='lat' dir='ltr'>Mathiae</span> <span class='ocrx_word' id='word_1_251' title='bbox 231 4311 321 4397; x_wconf 88' lang='lat' dir='ltr'>regis</span> <span class='ocrx_word' id='word_1_252' title='bbox 336 4309 536 4396; x_wconf 87' lang='lat' dir='ltr'>Hungariae,</span> <span class='ocrx_word' id='word_1_253' title='bbox 560 4312 616 4400; x_wconf 93' lang='lat' dir='ltr'>qui</span> <span class='ocrx_word' id='word_1_254' title='bbox 639 4310 720 4377; x_wconf 90' lang='lat' dir='ltr'>obiit</span> <span class='ocrx_word' id='word_1_255' title='bbox 740 4312 776 4377; x_wconf 90' lang='lat' dir='ltr'>in</span> <span class='ocrx_word' id='word_1_256' title='bbox 796 4310 969 4398; x_wconf 89' lang='lat' dir='ltr'>Hungaria</span> <span class='ocrx_word' id='word_1_257' title='bbox 991 4319 1067 4378; x_wconf 91' lang='lat' dir='ltr'>ante</span> <span class='ocrx_word' id='word_1_258' title='bbox 1085 4310 1204 4377; x_wconf 89' lang='lat' dir='ltr'>festum</span> <span class='ocrx_word' id='word_1_259' title='bbox 1224 4308 1363 4376; x_wconf 88' lang='lat' dir='ltr'>Pasoha·</span> 
     </span>
     <span class='ocr_line' id='line_1_30' title="bbox 65 4413 1362 4505; baseline -0.004 -23"><span class='ocrx_word' id='word_1_260' title='bbox 65 4416 107 4482; x_wconf 89' lang='lat' dir='ltr'>lis</span> <span class='ocrx_word' id='word_1_261' title='bbox 132 4437 218 4482; x_wconf 90' lang='lat' dir='ltr'>anno</span> <span class='ocrx_word' id='word_1_262' title='bbox 251 4415 388 4482; x_wconf 89' lang='lat' dir='ltr'>Domini</span> <span class='ocrx_word' id='word_1_263' title='bbox 423 4415 516 4498; x_wconf 80' lang='lat'>1490,</span> <span class='ocrx_word' id='word_1_264' title='bbox 551 4424 583 4482; x_wconf 91' lang='lat' dir='ltr'>et</span> <span class='ocrx_word' id='word_1_265' title='bbox 614 4416 817 4505; x_wconf 89' lang='lat' dir='ltr'>paulopost,</span> <span class='ocrx_word' id='word_1_266' title='bbox 855 4417 943 4481; x_wconf 88' lang='lat' dir='ltr'>oiroa</span> <span class='ocrx_word' id='word_1_267' title='bbox 965 4415 1052 4481; x_wconf 87' lang='lat' dir='ltr'>diem</span> <span class='ocrx_word' id='word_1_268' title='bbox 1076 4416 1181 4481; x_wconf 85' lang='lat' dir='ltr'>sancti</span> <span class='ocrx_word' id='word_1_269' title='bbox 1202 4413 1362 4481; x_wconf 82' lang='lat' dir='ltr'>Johennis</span> 
     </span>
     <span class='ocr_line' id='line_1_31' title="bbox 65 4518 1362 4613; baseline -0.005 -26"><span class='ocrx_word' id='word_1_270' title='bbox 65 4521 236 4610; x_wconf 85' lang='lat' dir='ltr'>Baptistae</span> <span class='ocrx_word' id='word_1_271' title='bbox 257 4520 407 4613; x_wconf 87' lang='lat' dir='ltr'>ejusdem</span> <span class='ocrx_word' id='word_1_272' title='bbox 429 4522 507 4586; x_wconf 90' lang='lat' dir='ltr'>anni</span> <span class='ocrx_word' id='word_1_273' title='bbox 537 4522 660 4588; x_wconf 88' lang='lat' dir='ltr'>oleotus</span> <span class='ocrx_word' id='word_1_274' title='bbox 681 4521 743 4587; x_wconf 87' lang='lat' dir='ltr'>fuit</span> <span class='ocrx_word' id='word_1_275' title='bbox 763 4525 882 4587; x_wconf 89' lang='lat' dir='ltr'>iterum</span> <span class='ocrx_word' id='word_1_276' title='bbox 911 4544 971 4588; x_wconf 87' lang='lat' dir='ltr'>rex</span> <span class='ocrx_word' id='word_1_277' title='bbox 992 4520 1193 4590; x_wconf 87' lang='lat' dir='ltr'>Wladislaus</span> <span class='ocrx_word' id='word_1_278' title='bbox 1223 4542 1244 4586; x_wconf 90' lang='lat' dir='ltr'>a</span> <span class='ocrx_word' id='word_1_279' title='bbox 1274 4518 1362 4583; x_wconf 88' lang='lat' dir='ltr'>stati·</span> 
     </span>
     <span class='ocr_line' id='line_1_32' title="bbox 66 4625 1384 4714; baseline -0.01 -23"><span class='ocrx_word' id='word_1_280' title='bbox 66 4625 127 4692; x_wconf 89' lang='lat' dir='ltr'>bus</span> <span class='ocrx_word' id='word_1_281' title='bbox 141 4627 237 4713; x_wconf 86' lang='lat' dir='ltr'>regni</span> <span class='ocrx_word' id='word_1_282' title='bbox 259 4625 449 4714; x_wconf 86' lang='lat' dir='ltr'>Hungariae</span> <span class='ocrx_word' id='word_1_283' title='bbox 471 4627 507 4692; x_wconf 90' lang='lat' dir='ltr'>in</span> <span class='ocrx_word' id='word_1_284' title='bbox 528 4647 640 4713; x_wconf 89' lang='lat' dir='ltr'>regem</span> <span class='ocrx_word' id='word_1_285' title='bbox 663 4628 705 4693; x_wconf 85' lang='lat' dir='ltr'>et</span> <span class='ocrx_word' id='word_1_286' title='bbox 717 4625 885 4693; x_wconf 86' lang='lat' dir='ltr'>dominum</span> <span class='ocrx_word' id='word_1_287' title='bbox 907 4649 1015 4706; x_wconf 82' lang='lat' dir='ltr'>suum,</span> <span class='ocrx_word' id='word_1_288' title='bbox 1037 4627 1149 4714; x_wconf 62' lang='lat' dir='ltr'>quise</span> <span class='ocrx_word' id='word_1_289' title='bbox 1161 4645 1244 4689; x_wconf 80' lang='lat' dir='ltr'>oum</span> <span class='ocrx_word' id='word_1_290' title='bbox 1251 4640 1384 4699; x_wconf 61' lang='lat' dir='ltr'>magno</span> 
     </span>
    </p>
   </div>
   <div class='ocr_carea' id='block_1_8' title="bbox 66 4730 1414 4827">
    <p class='ocr_par' dir='ltr' id='par_1_11' title="bbox 66 4730 1414 4827">
     <span class='ocr_line' id='line_1_33' title="bbox 66 4730 1414 4827; baseline -0.013 -30"><span class='ocrx_word' id='word_1_291' title='bbox 66 4752 202 4802; x_wconf 89' lang='lat' dir='ltr'>numero</span> <span class='ocrx_word' id='word_1_292' title='bbox 223 4731 438 4803; x_wconf 81' lang='lat' dir='ltr'>Bohemorum</span> <span class='ocrx_word' id='word_1_293' title='bbox 473 4733 509 4802; x_wconf 87' lang='lat' dir='ltr'>in</span> <span class='ocrx_word' id='word_1_294' title='bbox 544 4730 754 4827; x_wconf 73' lang='lat' dir='ltr'>Htmgariam</span> <span class='ocrx_word' id='word_1_295' title='bbox 793 4737 950 4824; x_wconf 81' lang='lat' dir='ltr'>eontulit,</span> <span class='ocrx_word' id='word_1_296' title='bbox 980 4737 1047 4809; x_wconf 73' lang='lat' dir='ltr'>uti</span> <span class='ocrx_word' id='word_1_297' title='bbox 1076 4732 1186 4827; x_wconf 74' lang='lat' dir='ltr'>paulo</span> <span class='ocrx_word' id='word_1_298' title='bbox 1206 4731 1296 4815; x_wconf 68' lang='lat' dir='ltr'>posu</span> <span class='ocrx_word' id='word_1_299' title='bbox 1314 4737 1414 4786; x_wconf 73' lang='lat' dir='ltr'>euru-</span> 
     </span>
    </p>
   </div>
   <div class='ocr_carea' id='block_1_9' title="bbox 0 0 1484 5040">
    <p class='ocr_par' dir='ltr' id='par_1_12' title="bbox 0 0 1484 5040">
     <span class='ocr_line' id='line_1_34' title="bbox 0 0 1484 5040; baseline 0 0"><span class='ocrx_word' id='word_1_300' title='bbox 0 0 1484 5040; x_wconf 95' lang='lat' dir='ltr'> </span> 
     </span>
    </p>
   </div>
  </div>
 </body>
</html>
