2948 5040
1324 142 1366 217 sl

72 334 185 418 neque
207 348 270 397 eos·
284 329 548 417 contempsimus.
581 324 656 392 Nou
678 313 835 391 miramur
854 328 974 406 antem,
1005 319 1106 410 qnod·
1126 319 1367 389 aduniamur

73 460 151 504 cum
178 432 342 523 aliquibus
355 433 404 500 ·de
425 434 512 500 clerc
535 426 757 499 testimenium
777 435 890 495 contra
911 448 971 495 nos
992 425 1185 517 perhibeat;
1221 448 1299 493 nam
1331 434 1368 492 ιιι

77 565 154 633 pars
177 536 458 606 nobis'contraria
490 538 642 604 inimicus
665 543 775 601 noster
797 543 848 600 est
878 528 1248 620 adeoqueiuvicemsiu
1268 552 1365 597 accu-

76 643 258 713 sationibus
280 636 444 730 adjuvare,
466 642 647 730 producere
659 648 692 706 et
714 638 898 705 testimonia
921 637 1000 703 dare
1015 635 1149 703 debent.
1169 635 1363 707 Hocautem

69 750 148 835 jura
169 748 260 815 nulla
275 734 463 832 admittunt,
480 757 532 813 ‘ut
553 747 636 812 haee
656 767 715 833 pro
738 743 922 810 testimonio
945 743 1067 830 suscipi
1088 740 1265 826 deberent3
1289 743 1365 807 uni·

68 875 191 922 versae
214 853 302 917 enim
323 851 448 917 civitati
470 842 503 918 et
513 851 588 918 aliis
598 849 716 916 multis:
731 858 851 914 notum·
867 856 927 927 est,
950 846 1109 936 quomodo
1123 844 1179 913 ille
1194 868 1268 911 cnm
1290 845 1365 915 aliis
1421 834 1424 839 ⁵

73 955 299 1023 sacerdotibus
322 964 435 1021 contra
456 978 515 1022 nos
538 955 786 1044 praedicaverit,
810 961 843 1018 et
862 974 922 1019 nos
945 954 979 1021 in
1001 951 1150 1019 omnibus
1170 950 1252 1018 false
1268 951 1362 1017 detu-

76 1062 163 1146 lerit,
187 1060 273 1149 quod
286 1060 420 1148 publice
440 1060 572 1149 probari
593 1068 709 1150 potest.
731 1057 787 1126 llli
797 1080 877 1125 vero
892 1057 1082 1133 nohisfalsa
1096 1056 1183 1125 dicta
1195 1078 1361 1145 uunquam

69 1166 213 1257 probare
234 1174 395 1254 poterunt.
1156 1187 1159 1193 ·

91 1342 95 1349 ,
158 1268 243 1337 Item
265 1268 307 1335 de
330 1268 467 1334 comitiis
492 1271 581 1335 circa
614 1269 699 1335 diem
728 1268 967 1336 Purificationis
999 1292 1060 1334 nos
1094 1268 1242 1354 dicimus,
1276 1265 1364 1355 quod

69 1379 156 1444 haec
177 1375 298 1441 luerint
319 1373 483 1439 celebrata
505 1374 545 1440 ab
569 1374 717 1441 omnibus
741 1373 878 1463 statibus
901 1373 962 1440 snb
984 1384 1120 1462 utraque
1139 1374 1249 1461 specie
1273 1394 1360 1439 com-

66 1479 311 1549 municantibus
334 1501 406 1544 cum
428 1481 589 1568 permissu
610 1480 710 1567 regio,
734 1481 786 1545 eui
809 1501 852 1545 ex
873 1479 1025 1545 mandato
1047 1478 1138 1566 regio
1160 1478 1279 1544 Vestra
1300 1477 1356 1545 Se-

68 1588 194 1654 renitas
214 1586 372 1650 interesse
394 1583 527 1670 dignata
547 1585 619 1663 fnit,
638 1585 694 1651 nbi
717 1584 923 1673 quidcunque
945 1593 1052 1649 actum
1074 1583 1144 1667 fuit,
1176 1572 1237 1672 per
1258 1591 1360 1653 status

66 1689 755 1776 saeculares-etecelesiasticosfiiitactum3
772 1690 887 1757 Gallus
912 1699 1021 1755 antem
1033 1689 1275 1755 administrator
1286 1710 1360 1754 cum

65 1796 259 1862 consistorio
280 1794 341 1862 hos
363 1796 516 1862 articulos
540 1797 738 1882 conscriptos
760 1795 915 1882 porrexit,
939 1794 1082 1860 correxit
1101 1804 1133 1859 et
1156 1794 1359 1882 approbavit,

65 1924 105 1968 ac
128 1922 239 1967 coram
261 1903 411 1968 omnibus
434 1901 571 1968 statibus
594 1911 627 1967 et
649 1901 878 1968 communitate
902 1898 1033 1986 collegii
1066 1901 1176 1985 magni
1198 1899 1359 1986 magnifa-

67 2006 123 2084 cit,
147 2004 359 2093 lacrymando
380 2028 510 2093 rogans,
532 2013 569 2070 ut
591 2007 674 2071 sicut
693 2005 876 2071 ordinatum
889 2012 939 2069 est
963 2026 1005 2069 ex
1027 2003 1193 2070 voluntate
1219 2001 1360 2071 statuum

62 2111 219 2194 omnium,
243 2131 278 2174 se
301 2119 416 2195 gerant
441 2109 475 2174 in
498 2110 655 2175 charitate
679 2118 712 2175 et
733 2108 876 2174 fraterna
898 2108 1073 2174 concordia
1098 2117 1355 2197 perseverantes,

69 2224 105 2280 et
127 2214 212 2303 quod
233 2215 332 2279 etiam
349 2214 405 2280 ille
424 2224 519 2297 juxta
540 2215 603 2280 hcc
624 2213 789 2280 decretum
813 2213 938 2280 clerum
963 2214 1115 2300 dirigere,
1141 2215 1243 2279 etiam.
1260 2236 1360 2302 popu·

75 2320 145 2382 lum
166 2319 321 2387 instruere
341 2319 441 2405 velit3
472 2319 534 2385 hoc
556 2319 642 2384 enim
664 2319 874 2385 christianum
909 2326 941 2383 et
973 2317 1152 2385 secundnm
1173 2318 1280 2405 legem
1313 2318 1361 2384 di·

73 2425 182 2490 vinam
204 2425 386 2490 ordinatum
410 2447 482 2491 esse
503 2434 670 2511 agnoscat
1236 2442 1239 2449 '

155 2529 256 2616 Itcm3
279 2530 365 2596 inter
385 2531 450 2596 alia
471 2531 585 2598 Gallus
607 2531 848 2598 administrator
860 2530 1017 2619 quosdam
1028 2531 1181 2599 articulos
1196 2531 1361 2617 conscrip-

62 2638 115 2719 sit,
151 2637 259 2723 prouti
280 2645 317 2702 nt
339 2636 523 2701 sacerdotes
545 2624 785 2703 matrimonium
816 2638 942 2722 ineant3
980 2640 1075 2704 item:
1109 2658 1151 2700 ne
1175 2636 1360 2705 sacerdotes

59 2742 148 2806 intra
170 2740 334 2815 cancellos
356 2751 593 2809 sacramentum
615 2744 760 2830 corporis
783 2754 815 2809 et
837 2745 1005 2832 sanguinis
1025 2743 1159 2809 Domini
1181 2751 1360 2826 asservent,

58 2847 243 2929 insinuans,
281 2846 368 2933 quod
390 2868 451 2933 per
471 2847 707 2934 negligentiam
739 2847 951 2932 sacerdotum,
988 2851 1178 2937 praesertim
1200 2850 1359 2936 inpagis,

59 2953 191 3039 species
214 2964 470 3039 corrumpantur,
504 2961 666 3036 acescant,
704 2963 737 3018 et
758 2955 823 3021 alia
844 2955 1016 3041 quaepiam
1039 2955 1240 3042 conscripsit,
1278 2974 1361 3040 qnae

59 3078 122 3121 nec
145 3057 312 3144 inscripta,
349 3079 412 3122 nec
448 3057 582 3123 inscribi
619 3057 762 3124 admissa
799 3070 873 3125 sunt
909 3062 994 3125 inter
1015 3060 1156 3147 reliquos
1192 3057 1357 3140 articulos,

57 3168 195 3248 propter
217 3161 317 3226 multa
331 3161 492 3227 scandala.
515 3161 598 3227 Nam
621 3172 654 3228 et
675 3161 737 3228 hoc
758 3163 872 3230 audire
886 3163 1058 3230 adversum
1082 3173 1139 3248 est,
1164 3172 1196 3229 et
1218 3184 1354 3251 quorum

57 3263 118 3330 ille
141 3265 289 3351 origoet
311 3287 408 3331 causa
429 3265 499 3348 fuit,
522 3266 603 3331 haec
625 3265 667 3332 ab
690 3268 763 3333 aliis
785 3268 872 3334 laeta
892 3269 993 3359 fuisse
1016 3268 1095 3334 dicit
1128 3277 1160 3333 et
1181 3276 1361 3333 attestatur.

147 3367 247 3454 ltem;
273 3369 359 3456 quod
381 3393 457 3459 pars
480 3370 619 3437 adversa
642 3372 730 3455 dicit,
755 3373 841 3461 quod
854 3366 893 3439 in'
911 3385 1023 3440 senatu
1046 3375 1205 3464 quaedam
1226 3375 1261 3438 in
1284 3396 1358 3438 eon·

59 3483 221 3562 temptum
238 3473 359 3561 Regiae
380 3474 561 3562 Majcstatis
586 3485 618 3541 et
640 3476 896 3564 consiliariorum
919 3481 989 3567 ejus
1011 3481 1254 3567 protulerimus3
1278 3479 1359 3544 haec

63 3602 127 3646 nos
151 3601 309 3666 negamus
343 3587 376 3645 et
397 3580 565 3645 veritatem
595 3602 666 3673 non,
684 3603 757 3648 esse
779 3581 937 3668 dicimus,
976 3588 1063 3651 omni
1095 3595 1240 3673 tempore
1272 3585 1358 3651 enim

57 3683 202 3751 fideliter
238 3685 418 3751 et'siucere
439 3686 473 3749 in
496 3686 584 3750 omui
608 3684 823 3755 submissione
857 3701 890 3754 et
910 3692 1093 3756 reverentia
1128 3692 1161 3755 in
1183 3690 1294 3757 verbis
1325 3697 1358 3755 et

60 3792 191 3859 actibus
212 3815 272 3859 nos
294 3795 454 3879 gessimus
477 3815 556 3879 erga
566 3794 703 3879 Regiam
724 3795 940 3883 Majestntem,
962 3805 998 3861 ut
1019 3795 1267 3863 haereditarium
1284 3816 1358 3861 nos·

56 3908 145 3963 trum
167 3896 345 3981 dominum,
384 3899 574 3986 dignitatem
596 3902 721 3987 regiam
742 3904 777 3967 in
799 3925 834 3968 re
857 3902 947 3968 nulla
967 3902 1144 3985 laedentes,
1183 3912 1216 3966 ct
1237 3911 1301 3967 tum
1322 3902 1358 3967 in

56 4004 120 4086 his,
147 4003 231 4068 sicut
251 4005 286 4068 in
308 4004 391 4084 aliia,
415 4028 498 4092 quae
526 4006 648 4092 Regiae
670 4006 833 4095 Majestati
856 4017 914 4073 aut
935 4009 1005 4094 ejus
1029 4007 1221 4074 consiliariis
1244 4007 1357 4074 adver-

56 4116 219 4190 sarenmr,
242 4130 408 4196 nunquam
430 4109 626 4199 deprehensi
647 4108 776 4195 fuimns,
814 4114 964 4197 scientes,
993 4114 1081 4201 quali
1104 4113 1305 4201 subjectione
1327 4124 1359 4180 et

57 4213 316 4300 fidelitateerga
336 4215 540 4300 Majestatem
563 4218 699 4306 Regiam
722 4239 780 4282 nos
803 4241 926 4304 gerere,
961 4229 993 4286 et
1016 4244 1093 4308 erga
1115 4224 1261 4311 ejusdem
1284 4248 1357 4292 con·

56 4320 199 4386 siliarios
222 4321 350 4410 qualem
372 4324 629 4390 aestimationem
652 4332 685 4388 et
707 4324 862 4390 honorem
885 4325 1042 4392 exhibere
1063 4337 1241 4412 teneamur,
1273 4331 1357 4395 sieut

58 4426 159 4490 etiam
193 4427 239 4491 ita
260 4448 320 4490 nos
344 4448 472 4513 semper
494 4429 664 4512 gessimus,
702 4428 868 4518 hucusque
891 4433 1044 4517 gerimus,
1083 4444 1115 4498 ct
1149 4450 1223 4498 cnm
1246 4433 1357 4499 divina

61 4531 172 4618 gralia
193 4532 237 4597 ad
258 4540 396 4597 mortem
433 4552 536 4617 usque
558 4542 701 4599 nostram
723 4557 782 4601 nos
805 4557 966 4621 geremus,
1004 4540 1089 4604 sient
1108 4538 1258 4604 fidelibus
1282 4536 1357 4602 sub·
1407 4541 1410 4547 '

63 4637 143 4709 ditis
166 4660 245 4729 erga
265 4639 433 4710 dominum
457 4660 551 4706 suum
572 4665 608 4710 se
630 4665 745 4731 gerere
767 4652 910 4733 oportet,
947 4645 982 4709 in
1005 4665 1068 4730 quo
1090 4651 1198 4710 autem
1220 4641 1355 4710 articulo
1432 4699 1435 4703 ,
