2948 5040
93 150 117 223 4

94 328 231 395 aliorum
251 323 401 407 utilitate,
423 330 460 389 ut
480 321 553 410 quis
576 318 651 386 edat
674 319 830 408 scriptum
852 319 1014 388 derebus
1036 320 1134 404 veris,
1157 320 1277 389 babeat
1291 321 1388 411 prius

94 431 290 500 evidentiam
313 428 408 515 hujus
436 427 496 509 rei,
529 424 571 491 de
600 446 664 510 qua
699 426 842 492 scribere
862 425 943 510 vult,
965 424 1043 491 dum
1065 447 1182 514 nempe
1204 427 1253 493 rei
1275 435 1391 513 gestae

93 536 147 604 vel
168 537 241 624 ipse
262 533 416 615 interfuit,
438 539 495 597 aut
515 529 556 595 ab
572 530 654 613 aliis,
689 530 745 618 qui
767 531 863 618 hujus
884 531 1031 596 notitiam
1051 530 1182 615 habent,
1206 532 1387 599 instructus

94 641 156 706 fuit
177 641 212 705 in
234 636 425 705 similibus.“
470 634 598 700 Idcirco
621 634 733 699 talium
746 637 910 701 veracium
932 636 1098 700 bominum
1121 641 1314 704 sententiam
1337 659 1388 706 se·

95 767 207 834 quens,
241 741 332 826 illud,
364 740 449 830 quod
474 739 604 828 quidem
633 738 848 826 personaliter
871 748 971 805 totum
993 761 1060 806 non
1081 741 1249 828 conspexi,
1271 763 1390 809 verum

93 850 135 917 ab
158 848 231 915 aliis
252 847 318 913 fide
340 845 449 932 dignis
472 842 618 926 audiens,
642 851 674 908 et
695 842 955 909 informationem
977 845 1150 931 recipiens,
1173 847 1329 934 proposui
1354 846 1390 911 in

92 956 156 1023 boc
178 956 297 1042 scripto
320 973 380 1040 pro
395 948 554 1037 possibili,
576 947 756 1014 secundum
778 948 926 1016 ordinem
947 970 1109 1032 enamare,
1131 950 1178 1014 ita
1200 958 1320 1035 tamen,
1341 974 1386 1017 ne

93 1057 372 1127 adetractoribus
404 1056 486 1120 meis
518 1052 601 1120 false
634 1075 763 1140 arguar,
798 1052 884 1141 quod
914 1051 1039 1142 aliquid
1071 1075 1114 1120 ex
1142 1053 1329 1120 adulatione
1355 1064 1389 1122 et

92 1164 203 1232 favore
227 1185 306 1248 erga
327 1169 452 1248 partem
474 1181 583 1242 unam,
607 1167 662 1224 aut
684 1181 727 1224 ex
749 1158 905 1246 despectu
928 1167 961 1224 et
982 1158 1058 1225 odio
1080 1181 1159 1246 erga
1168 1167 1295 1246 partem
1307 1159 1387 1226 alte·

92 1292 161 1335 ram
193 1267 397 1353 scripserim3
433 1265 569 1329 intentio
592 1285 665 1328 mea
688 1265 798 1351 itaque
820 1286 886 1328 non
909 1272 958 1329 est
980 1264 1165 1352 quidquem,
1189 1263 1323 1331 modum
1345 1288 1386 1332 ac

92 1373 241 1439 ordinem
264 1369 438 1450 excedens,
468 1367 599 1446 addere,
638 1367 696 1432 sed
718 1370 784 1433 imo
807 1370 913 1455 potius
936 1369 1037 1434 multa
1057 1369 1261 1453 imminuere,
1295 1369 1388 1435 vide·

92 1477 171 1544 licet
190 1479 226 1542 in
248 1473 443 1563 quibusdam
465 1472 563 1538 rebus
585 1473 712 1559 Pragae
734 1473 829 1538 factis
852 1472 1008 1550 ridiculis,
1033 1481 1065 1537 et
1082 1473 1117 1538 in
1132 1472 1195 1539 hoc
1217 1475 1387 1561 proposito

92 1604 171 1648 sano
189 1580 315 1670 judicio
338 1578 518 1645 contrariis.
559 1577 757 1665 Praeprimis
789 1586 897 1643 antem
918 1587 994 1644 ante
1016 1579 1125 1643 omnia
1147 1579 1224 1644 sciri
1246 1587 1387 1666 oportet,

91 1708 145 1753 me
166 1707 233 1753 non
254 1706 354 1772 agere
375 1682 417 1749 de
440 1683 547 1748 causis
570 1683 693 1770 aequis,
727 1680 785 1747 scd
815 1681 857 1747 de
880 1683 1006 1770 origine
1029 1704 1210 1766 cansarum,
1235 1692 1268 1748 et
1289 1706 1388 1750 occa·

92 1793 184 1858 sione
206 1790 249 1856 ad
269 1788 344 1855 illas
373 1787 450 1853 data
457 1835 465 1870 ‚
498 1808 581 1874 quae
613 1786 740 1872 Progne
769 1788 1007 1853 incrementum
1030 1795 1245 1876 sumpserunt,
1269 1794 1303 1853 et
1325 1809 1386 1876 pro

94 1895 201 1963 causis
224 1893 265 1960 ab
288 1892 419 1980 injustis
443 1899 475 1956 et
486 1890 608 1956 dolosis
620 1889 807 1956 hominibus
830 1901 1016 1979 assumptae
1040 1900 1122 1974 sunt,
1146 1892 1224 1978 quia
1237 1891 1384 1958 aradiee

91 1999 291 2074 derivarunt,
322 2019 342 2062 a
370 1992 525 2081 snperbia
548 2002 581 2058 et
601 1993 728 2060 invidia
756 1995 924 2078 immensa,
954 2017 975 2060 a
997 1994 1174 2083 cupiditate
1196 1995 1330 2061 honoris
1353 2003 1386 2062 et

45 2146 48 2151 -
89 2102 198 2171 laudis
220 2099 414 2183 mundanae,
437 2106 471 2164 et
492 2097 534 2165 ab
556 2100 615 2182 ira,
639 2099 774 2182 malitia,
798 2109 831 2165 et
852 2099 998 2165 vindicta
1026 2098 1228 2187 implacabili
1257 2102 1293 2164 in
1316 2102 1405 2189 qui·¹

91 2206 231 2276 busdam
253 2204 440 2295 praecipuis
463 2212 495 2268 et
517 2202 717 2270 notabilibus
750 2205 900 2292 personis
931 2203 1092 2291 profunde
1125 2202 1321 2290 irradiastis,
1353 2213 1386 2271 et

89 2314 137 2380 ita
157 2332 222 2377 nno
244 2309 346 2377 verbo
370 2332 413 2375 cx
433 2308 558 2375 invidia
589 2318 621 2374 et
652 2309 728 2375 odio
758 2311 855 2375 nnius
887 2332 965 2398 erga
994 2310 1141 2376 alterum.
1185 2309 1278 2394 Dixi,
1303 2309 1385 2377 haee

91 2437 158 2483 non
189 2412 312 2480 debere
348 2413 540 2500 simpliciter
574 2435 634 2501 pro
668 2415 775 2479 causis
804 2415 840 2479 in
871 2414 934 2481 hoc
964 2436 1043 2480 casu
1070 2414 1229 2499 Pragcnsi
1251 2414 1382 2500 haberi3

93 2519 170 2606 quia
185 2517 333 2606 quamvis
350 2515 540 2582 Aristoteles
553 2516 684 2601 scribat,
709 2518 795 2606 quod
818 2518 901 2584 nihil
923 2517 984 2585 sub
1008 2518 1097 2586 caelo
1121 2521 1216 2587 detur
1229 2520 1384 2602 existens,

94 2622 183 2711 qnod
205 2644 304 2688 eausa
325 2620 475 2687 ordinata
497 2630 530 2687 et
551 2621 671 2700 debita,
695 2631 792 2711 atquc
815 2625 862 2689 ite
878 2625 969 2711 justa
992 2647 1058 2690 non
1080 2627 1305 2712 processisset.
1343 2623 1386 2690 Et

90 2724 190 2793 alibi:
214 2725 291 2792 dnm
313 2747 412 2792 cansa
434 2725 536 2810 deest,
560 2729 658 2793 etiam
679 2750 716 2793 re
738 2730 811 2815 ipsa
833 2729 966 2794 effectus
987 2732 1148 2817 praestari
1170 2731 1292 2818 nequit
1328 2730 1386 2795 Ni·

89 2829 266 2896 hilominus
288 2852 363 2895 cum
385 2853 498 2896 omnes
528 2831 650 2898 ethnici
687 2833 849 2920 sapientes
878 2833 1053 2920 plurimum
1075 2836 1110 2900 in
1131 2834 1194 2900 hoe
1216 2832 1386 2900 laborave-

89 2935 157 3000 rint
177 2942 211 3000 et
233 2934 363 3000 solliciti
384 2936 514 3019 fuerint,
529 2945 572 3028 ,ut
594 2935 769 3003 virtutibus
782 2946 814 3002 et
828 2934 923 3003 bonis
934 2938 1079 3005 moribus
1092 2946 1255 3015 ornentur,
1271 2936 1386 3004 sordes

90 3060 169 3105 vero
191 3038 243 3104 his
266 3042 444 3107 contrarias
468 3041 609 3125 evitent,
644 3050 677 3106 et
697 3041 820 3128 pariter
853 3041 934 3106 alios
968 3041 1051 3109 baec
1073 3065 1172 3130 agere
1193 3042 1385 3127 docuerunt,

90 3140 166 3208 ideo
188 3142 251 3208 hoc
273 3141 395 3209 dictum
417 3147 452 3210 in
475 3144 576 3210 alium
598 3166 729 3210 sensum
751 3145 836 3210 verti
859 3146 980 3232 nequit,
1004 3168 1101 3236 quam
1116 3149 1150 3213 in
1174 3155 1385 3235 sequentem

91 3245 177 3335 quod
210 3269 324 3313 omnes
354 3271 472 3316 causae
494 3251 614 3338 justae,
645 3247 813 3313 ordinatae
835 3270 874 3314 ac
897 3248 1027 3317 debitae
1050 3252 1199 3318 effectum
1222 3259 1254 3317 et
1275 3258 1386 3317 actum

88 3349 288 3440 praecedere
310 3351 460 3438 debeant,
484 3362 516 3419 et
536 3352 572 3418 id
593 3352 650 3418 fiat
672 3373 714 3417 ex
736 3353 865 3431 virtute,
882 3355 969 3442 jure,
994 3366 1025 3420 et
1041 3356 1188 3443 justitia3
1211 3354 1289 3422 dum
1303 3377 1385 3422 vero

87 3456 122 3522 ln
144 3455 207 3522 hoc
230 3465 365 3540 erratur,
396 3460 494 3523 etiam
516 3457 621 3523 omnis
644 3458 747 3522 virtus
770 3457 872 3537 deest,
910 3468 942 3524 et
964 3458 1047 3524 nibil
1069 3461 1134 3526 nisi
1156 3459 1255 3544 fraus,
1287 3458 1384 3526 dolus

87 3568 120 3629 ct
141 3561 226 3627 aliae
248 3558 362 3627 sordes
385 3561 513 3645 adsunt,
534 3569 631 3648 prout
652 3561 734 3629 illud
755 3570 846 3629 aetus
870 3562 1041 3630 seditionis
1064 3571 1097 3629 et
1118 3564 1273 3630 tumultus
1303 3563 1383 3628 Pra-

88 3668 197 3754 gcnsis
218 3667 290 3752 ipse
313 3663 456 3749 exhibet,
491 3685 558 3729 non
596 3664 744 3733 obtinens
778 3666 908 3733 laudem
942 3666 985 3734 ab
1006 3667 1192 3734 bominibus
1214 3668 1382 3751 virtuosis,

85 3772 256 3858 morigeris
279 3780 311 3837 et
327 3772 436 3859 justis.
479 3769 524 3835 Et
544 3769 620 3836 ideo
642 3770 818 3839 dotalibus
835 3773 942 3839 causis
961 3773 1056 3861 juxta
1077 3782 1202 3840 rectum
1220 3772 1384 3858 judicium

89 3874 256 3942 bominum
277 3874 496 3963 prudentium,
527 3873 569 3941 ab
598 3876 760 3964 aliquibus
794 3875 1013 3964 Pragcnsibus
1045 3886 1158 3943 contra
1180 3877 1383 3942 seinvicem

87 3982 262 4068 assumptis
285 3978 383 4068 (quae
413 4000 478 4044 non
510 4000 627 4046 musae
661 3980 780 4067 dignae
813 3991 847 4047 et
869 3983 990 4068 justae,
1028 3979 1087 4046 sed
1121 3979 1325 4045 inordinatae
1349 3987 1384 4045 et

86 4093 219 4172 propter
239 4083 483 4169 instigationem
504 4082 671 4150 indebitae
693 4085 852 4173 appellari
874 4082 1009 4171 debent)
1032 4083 1086 4149 bic
1103 4082 1273 4165 scribetur,
1297 4103 1383 4169 quae

86 4184 307 4273 Pragcnsibus
328 4187 503 4273 primariae
525 4197 558 4254 et
573 4190 684 4278 justae
714 4211 786 4255 esse
815 4186 985 4270 videntur,
1019 4195 1052 4251 et
1081 4195 1157 4253 sunt
1172 4185 1271 4270 juxta
1292 4184 1381 4251 arbi-

85 4291 184 4359 trium
206 4310 315 4355 meum
337 4300 526 4379 sequentes:

174 4392 203 4457 1.
246 4392 357 4460 Prima
386 4418 501 4463 causa:
535 4394 622 4484 quod
643 4415 703 4461 rex
735 4392 922 4461 Ludovicus
952 4393 1096 4458 officinm
1128 4392 1222 4459 aulae
1252 4392 1377 4482 judicis

88 4495 273 4563 attribuerit
293 4501 448 4586 magistro
469 4500 590 4566 Joanni
612 4497 747 4581 Passek,
771 4507 803 4563 et
824 4496 1029 4585 postmodum
1051 4496 1133 4563 illud
1156 4499 1274 4564 iterum
1285 4497 1381 4565 brevi

84 4597 126 4665 ab
152 4599 267 4669 eodem
289 4603 456 4689 ademerit,
500 4600 630 4669 tandem
652 4601 688 4667 in
716 4604 926 4668 renovatione
958 4610 1090 4668 senatus
1111 4602 1288 4691 Pragcnsis
1312 4603 1379 4692 pri-

84 4706 214 4775 ¹traverit
237 4706 376 4779 eundem
398 4706 575 4784 consulatu,
598 4727 637 4782 ac
658 4706 763 4794 primo
786 4705 867 4793 loco,
890 4728 987 4797 quem
1008 4708 1100 4795 prius
1117 4707 1261 4788 mutabat,
1281 4716 1381 4797 atque
