2948 5040
1299 150 1364 225 Μ

66 320 176 412 zyks,
198 320 334 391 Κιιιιιιι
368 327 402 391 et
421 322 496 391 aliis
516 323 712 411 quibusdam
732 322 844 392 stricte
865 322 1041 412 praecepit,
1063 328 1101 391 ιιι
1114 344 1170 392 eos
1192 325 1228 392 in
1248 325 1362 414 quieta

66 427 265 515 relinquant,
288 449 399 495 curam
420 427 552 495 illorum
573 429 741 510 habentes,
763 427 883 497 stilles
898 436 1011 495 oontn
1031 427 1115 497 alios
1140 430 1366 504 defendentes.
1406 516 1408 521 Ι

68 533 163 598 Ι)ιιιιι
183 555 262 600 vero
283 533 409 601 Passek
429 556 541 601 rursus
563 532 695 620 diceret,
722 537 983 604 communitatem
1004 536 1057 604 his
1083 535 1272 625 adversari,
1303 560 1366 608 ren

67 637 229 705 iracunde
250 639 435 728 respondit:
467 641 529 706 etsi
552 642 626 729 quie
657 640 731 707 talis
763 642 976 728 inveniretur,
1007 643 1064 732 qui
1096 643 1258 711 voluntati
1293 645 1365 734 ejus

67 745 226 810 resistere
247 744 358 828 vellet,
380 752 416 811 ιιι
437 767 511 811 eum
533 747 696 833 signatum
718 744 884 835 deferant3
920 746 1007 836 quod
1038 748 1068 814 si
1090 748 1188 815 etiam
1209 751 1365 837 magistro

66 847 267 915 Wenceslao
303 857 336 915 et
355 848 510 916 Hlawsae
531 849 665 937 aliquod
685 848 809 917 malum
830 851 987 918 acciderit
1008 859 1121 920 contra
1142 853 1268 922 salvum
1289 877 1365 922 con·

70 952 207 1019 ductum
229 955 277 1019 eis
309 975 509 1040 eoncessum,
541 953 629 1044 quod
660 955 717 1021 ille
748 956 786 1022 in
814 977 960 1046 corpore,
995 957 1062 1024 imo
1095 956 1164 1024 vita
1194 959 1363 1048 punietur3

68 1057 212 1148 ideoque
233 1060 320 1125 intra
340 1059 421 1127 illud
445 1060 601 1149 temporis
623 1061 775 1150 spatium,
796 1059 1061 1129 utamioabilitsr
1082 1061 1232 1129 cumillis
1254 1066 1368 1131 omnia

71 1173 276 1252 comportent
312 1173 345 1231 et
366 1173 583 1255 componant3
614 1166 642 1232 si
672 1187 751 1234 vero
773 1166 836 1233 hoc
864 1165 986 1233 fectum
1018 1188 1084 1233 non
1105 1166 1212 1252 merit,
1240 1176 1368 1236 certum

72 1267 155 1353 fore,
178 1269 268 1357 quod·
286 1269 322 1335 in
344 1268 396 1335 his
414 1271 539 1359 justum
555 1269 717 1360 judicium
738 1293 798 1360 pro
819 1271 915 1359 hujus
938 1269 1004 1336 litis
1027 1270 1243 1362 diremptione
1261 1273 1360 1341 inter·-

66 1381 218 1461 ponetur,
241 1383 274 1440 et
295 1374 480 1463 quicunque
502 1376 616 1442 horum
637 1375 796 1443 malorum
817 1398 916 1443 causa
936 1375 1043 1460 fuerit,
1066 1374 1121 1443 hio
1154 1394 1267 1442 severe
1300 1398 1363 1467 pq-

71 1480 190 1548 nietur.
234 1479 324 1545 Dum
344 1481 454 1569 itaque
474 1479 625 1548 dominus
645 1479 780 1549 Hlawsa
816 1490 849 1547 et
868 1481 1025 1568 magister
1044 1478 1260 1548 Wenceslaus
1281 1480 1358 1549 Pra-

66 1608 145 1672 gam
167 1608 211 1653 ex
230 1608 306 1652 arce
338 1587 594 1671 descendissent,
624 1609 745 1675 magna
777 1588 871 1676 copia
906 1586 1074 1655 hominum
1105 1611 1145 1656 ao
1180 1589 1387 1657 incolarum·

65 1691 183 1758 solatio
218 1691 352 1779 impleta
387 1692 456 1778 fuit,
493 1715 533 1760 ac
564 1693 700 1759 honeste
732 1682 969 1780 affabiliterque
1006 1714 1062 1760 eos
1097 1693 1362 1762 beneventarunt

63 1797 161 1865 Tunc
180 1796 284 1886 primo
306 1796 507 1886 apparebant
527 1796 651 1883 dolosa,
684 1795 767 1862 falsa
804 1803 837 1861 et
863 1796 986 1885 injusta
1016 1799 1125 1866 omnia
1156 1798 1362 1867 adversario-

64 1925 139 1971 rum
160 1902 295 1991 prolata,
316 1924 434 1990 nempe
456 1924 477 1968 a
496 1901 623 1969 Passek
644 1908 677 1968 et
696 1901 780 1979 aliis,
803 1898 860 1989 qui
880 1900 1044 1982 dixerunt,
1065 1903 1124 1968 vix
1145 1901 1259 1969 decem
1274 1926 1361 1995 ¹pet·-

64 2031 162 2075 sonas
191 2006 317 2094 Pragae
338 2028 423 2090 esse,
454 2006 510 2094 qui
529 2004 594 2072 illis
617 2006 774 2073 faverent.
814 2004 899 2071 Item
929 2003 1082 2072 dixerunt
1102 2015 1178 2074 ante
1199 2004 1268 2074 hoc*
1282 2007 1362 2075 Pas·

64 2113 127 2179 sek
149 2120 184 2178 et
215 2110 280 2195 alii,
304 2111 390 2200 quod
427 2111 456 2177 si
487 2109 621 2178 Hlavvsa
642 2119 675 2176 et
695 2109 813 2198 reliqui
833 2110 960 2198 Pragae
988 2112 1103 2197 forent,
1133 2121 1211 2179 tunc
1242 2134 1361 2199 magna

62 2216 101 2281 in
123 2216 351 2282 communitate
384 2215 550 2303 sangrinis
582 2213 727 2304 profusio
761 2213 951 2298 exoriretur,
993 2215 1040 2281 ita
1071 2215 1159 2304 quod
1191 2215 1362 2304 sanguinei

62 2322 131 2386 rivi
149 2343 207 2408 per
238 2319 364 2409 plateas
400 2319 608 2387 decurrerent
639 2327 673 2385 et
705 2317 894 2403 defluerent,
932 2327 966 2385 et
997 2319 1074 2386 dum
1096 2343 1135 2388 eo
1164 2319 1360 2400 devenisset,

68 2424 155 2512 quod
172 2426 319 2493 incuria
337 2426 520 2521 Pragenses
542 2447 616 2493 cum
638 2422 762 2491 eisdem
783 2423 1052 2513 colloquerentur,
1067 2426 1190 2493 dictum
1220 2424 1267 2493 eis
1299 2424 1361 2492 fuit

65 2553 86 2596 a
107 2529 236 2597 domino
258 2531 401 2616 Hlawsa,
425 2540 458 2598 et
477 2531 633 2618 magistro
654 2528 860 2609 wenceslao,
880 2530 1012 2597 nomine
1033 2533 1177 2598 omnium
1210 2529 1359 2599 exulum:

147 2636 277 2723 Prim03
301 2645 337 2704 ut
368 2636 520 2703 honestas
554 2635 683 2702 illorum
713 2635 760 2701 eis
792 2635 1032 2729 redintegretur
1052 2645 1085 2703 et
1105 2637 1291 2704 restituatur
1323 2635 1359 2701 in

58 2738 134 2824 hoc,
158 2742 246 2830 quod
279 2741 353 2809 illos
387 2742 561 2809 ecivitate
582 2741 802 2829 relegaverint
823 2749 857 2808 et
892 2740 1004 2808 literas
1026 2740 1068 2808 de
1090 2741 1167 2828 illis,
1190 2749 1223 2823 et
1246 2749 1361 2808 eontra

64 2844 141 2911 illos
163 2845 351 2913 inhonestas
371 2870 432 2935 per
452 2870 590 2934 regnum
610 2848 711 2914 variis
740 2845 991 2913 transmiserint.

152 2949 322 3030 Secund03
344 2960 381 3018 ut
401 2951 540 3019 illos‘ad
561 2952 674 3019 domos
696 2960 729 3017 et
749 2951 973 3041 possessiones
996 2970 1072 3015 suas
1104 2942 1255 3039 proprias
1289 2951 1360 3018 sine

67 3044 157 3121 omni
179 3055 411 3144 impedimento
435 3066 468 3124 et
490 3057 746 3124 contradictione
767 3055 939 3122 dimittant.

145 3158 270 3246 Terti03
303 3169 340 3227 ut
368 3162 477 3228 omnia
506 3162 625 3229 damus
645 3160 712 3228 iflis
735 3167 956 3249 compensent,
979 3180 1063 3248 quae
1099 3160 1249 3248 perpessi
1282 3168 1357 3226 sunt

61 3264 119 3331 illo
153 3274 308 3354 tempore,
330 3265 408 3333 dum
429 3267 472 3334 ad
494 3289 606 3334 eorum
643 3266 756 3334 domos
794 3274 827 3332 et
859 3265 993 3352 negotia
1027 3263 1356 3331 recordaremini

60 3391 128 3435 non
162 3369 301 3438 fuerunt
344 3372 452 3461 Super
487 3371 569 3438 haec
591 3371 700 3438 omnia
720 3370 903 3457 Pregenses
926 3369 974 3435 eis
997 3369 1153 3456 exiguum
1176 3377 1209 3436 et
1229 3368 1354 3437 insuffi·
1405 3390 1408 3396 ·

61 3472 155 3539 ciens
190 3498 382 3566 responsum
420 3474 589 3560 dederunt,
626 3496 744 3563 nempe
765 3475 822 3558 ita,
845 3473 874 3538 si
895 3471 981 3539 hanc
1010 3475 1263 3542 nansactionem
1290 3474 1354 3541 hoc

57 3577 156 3644 modo
184 3581 267 3647 inire
289 3580 400 3666 velint,
422 3591 468 3665 ut,
491 3602 717 3671 quamcunque
738 3579 805 3646 illis
826 3577 979 3666 injuriam
1020 3578 1209 3665 intiderunt,
1246 3587 1356 3645 tamen

57 3682 107 3748 ite
127 3700 317 3771 permaneat
338 3688 410 3751 sine
431 3688 518 3752 omni
541 3685 815 3774 compensatione,
837 3693 870 3750 et
891 3683 947 3772 qui
968 3682 1078 3772 aliqua
1107 3685 1266 3752 sustinere
1299 3683 1353 3751 de·

53 3786 137 3867 buit,
159 3798 194 3854 ut
225 3789 306 3856 haec
336 3790 398 3857 sibi
438 3791 601 3878 relinquat
623 3799 655 3857 et
675 3792 839 3880 patienter
859 3789 951 3857 ferat.
995 3790 1101 3882 Super
1122 3788 1204 3856 haec
1236 3791 1357 3856 iterum

55 3913 170 3957 omnes
190 3894 372 3980 Pragenses
398 3897 446 3961 eis
471 3897 625 3982 exiguum
648 3905 681 3962 et
701 3894 901 3962 insufficiens
922 3915 1114 3982 responsum
1133 3892 1301 3980 dedenmt,
1321 3886 1357 3960 ¹et

54 3996 263 4065 abinvicem
295 4022 331 4064 re
352 3999 472 4066 infecta
507 4001 737 4067 discesserunt
777 3999 851 4066 Hoc
872 3997 950 4066 dum
979 4021 1040 4065 rex
1059 3998 1264 4084 rescivisset,
1298 3998 1356 4065 de·

52 4124 120 4168 nuo
148 4103 323 4187 mandavit,
355 4115 391 4170 ut
412 4105 593 4192 Pragenses
626 4106 765 4172 citentur
786 4126 845 4193 pro
867 4103 1005 4171 termino
1032 4102 1145 4170 Sancti
1172 4103 1355 4189 Laurentii,

50 4208 109 4274 ubi
138 4219 206 4274 cert
195 4209 309 4276 tificari
329 4208 441 4295 voluit,
464 4233 528 4299 qua
550 4235 592 4277 ex
612 4218 704 4300 parte
725 4209 839 4276 horum
869 4210 1011 4275 omnium
1047 4207 1124 4275 data
1160 4209 1203 4275 sit
1240 4230 1361 4307 causa·

51 4313 227 4381 destinavit
248 4316 347 4401 igitur
368 4324 401 4381 et
422 4315 522 4402 elegit
543 4325 680 4403 quatuor
690 4336 845 4403 personas
858 4313 899 4380 de
921 4335 1016 4400 regni
1006 4312 1226 4401 proceribus,
1237 4335 1356 4402 nempe

49 4421 217 4487 dominum
240 4418 454 4486 Adalbertum
490 4419 531 4486 de
551 4419 732 4499 Pernstein,
754 4441 940 4517 supremum
962 4416 1056 4484 aulae
1087 4418 1287 4506 praefecum
1323 4427 1355 4485 et

47 4528 256 4614 capitaneum
288 4525 382 4612 regni
401 4523 588 4608 Bohemiae,
611 4525 777 4592 dominum
811 4522 1019 4591 Zdenconem
1053 4522 1134 4590 Low
1169 4545 1354 4612 supremum

45 4631 281 4719 burggravium
301 4631 509 4717 Pragensem,
531 4628 696 4709 dominum
727 4626 891 4695 Adamum
927 4624 969 4692 de
1002 4624 1135 4695 Hradec
1167 4649 1353 4717 supremum

46 4738 144 4827 regni
164 4736 341 4807 Bohemiae
363 4733 604 4821 cancellarium,
626 4742 660 4811 et
680 4733 848 4805 dominum
867 4731 1032 4804 loannem
1050 4731 1097 4802 de
1114 4726 1368 4813 umentes,
