2948 5040
111 150 153 223 1ss

108 328 241 394 unicum
262 324 390 392 leonem
411 324 574 411 integrum
595 346 732 411 regnum
747 326 926 392 Bohemiae
949 327 1067 393 satiare
1088 346 1154 393 non
1175 325 1298 413 possit3
1320 324 1403 393 dum

109 430 191 499 baec
212 430 361 515 dixisset,
384 437 591 496 accurrentes
614 430 748 517 quidam
771 452 845 495 eum
857 429 1066 497 abduxerunt
1077 438 1110 495 61
1123 430 1169 495 ita
1179 451 1254 496 eum
1267 429 1400 499 6666116

108 532 376 619 verberaverunt,
399 534 486 622 quod
507 546 581 623 post
605 556 728 622 paucos
751 532 823 600 1166
846 534 947 601 vitam
967 534 1120 600 finiverit

108 670 125 691 ·-
195 639 284 707 Dum
305 640 387 706 haec
408 640 455 705 ita
475 647 650 727 agerentur
672 639 731 705 sub
754 639 849 704 initio
870 639 948 705 anni
978 639 1111 704 Domini
1136 638 1243 723 1523,
1265 639 1321 707 die
1344 638 1407 705 do·

108 745 228 811 minica
249 744 282 812 S.
304 746 437 810 Priscae
460 766 553 809 saera
584 765 646 811 rex
669 751 701 809 et
721 745 837 830 regina
861 764 881 808 a
901 742 1124 828 Pragensibus
1146 744 1275 810 invitati
1305 764 1406 831 pran-

108 848 231 915 debant
250 851 285 914 in
307 850 398 915 curia
418 847 699 935 antiquo-orbensi
719 870 792 913 cum
809 846 892 912 duce
907 845 1045 913 Silesiae
1060 846 1188 932 Oarolo,
1212 859 1245 914 et
1265 847 1402 935 quibus·

109 953 184 1019 dam
217 951 291 1019 aliis
320 952 444 1019 aulicis.
488 954 567 1021 Post
599 953 772 1041 prandium
809 951 934 1038 placuit
969 953 1041 1038 regi
1073 975 1147 1019 cum
1184 955 1252 1019 suis
1285 953 1404 1019 aulicis

95 1055 223 1123 :ludum
246 1067 279 1123 et
300 1066 464 1123 certamen
488 1068 639 1145 equestre
661 1059 842 1142 instituere,
866 1058 954 1146 quod
976 1058 1107 1125 duravit
1127 1080 1148 1123 a
1169 1058 1329 1142 vigesima
1350 1080 1403 1125 se·

108 1160 217 1228 cunda
238 1161 327 1246 hora,
349 1161 520 1248 usquead
543 1163 682 1247 primam
703 1165 820 1246 noctis,
843 1165 897 1229 cui
919 1162 995 1229 ludo
1018 1163 1167 1228 interfuit
1187 1164 1304 1248 regina
1327 1185 1403 1229 eum

104 1265 223 1331 6611616
246 1267 324 1349 suis,
359 1287 400 1330 ac
431 1265 563 1331 tandem
598 1268 727 1355 vesperi
762 1290 797 1333 se
830 1290 943 1332 rursus
977 1267 1018 1333 ad
1040 1289 1150 1333 arcem
1173 1266 1400 1353 contrderunt3

108 1369 219 1435 multis
240 1378 349 1435 autem
373 1368 415 1435 16
437 1369 576 1435 statibus
598 1393 664 1436 non
686 1371 818 1458 placuit,
842 1371 928 1457 quod
950 1394 1012 1437 rex
1039 1380 1071 1437 ct
1092 1373 1208 1458 regina
1228 1372 1404 1458 Pragensi·

108 1471 237 1539 busita
258 1475 414 1562 propensi
435 1473 516 1540 16611
537 1474 667 1559 fuerint,
701 1474 758 1540 diu
781 1477 878 1540 etiam
899 1475 1074 1558 instabant,
1098 1484 1130 1541 61
1152 1498 1226 1541 cum
1249 1477 1400 1543 consilia·

111 1578 170 1642 riis
199 1579 266 1643 suis
299 1576 459 1666 impedire
488 1577 651 1660 volebant,
686 1600 726 1642 ne
755 1578 837 1643 illud
870 1587 954 1665 agat
998 1579 1145 1646 Tandem
1169 1578 1222 1644 die
1246 1579 1341 1647 16616
1364 1582 1398 1645 16

111 1681 194 1746 16616
217 1680 250 1748 S.
273 1680 423 1768 Agathae
444 1682 478 1745 16
502 1682 641 1746 comitiis
664 1680 814 1768 publicis,
839 1684 979 1769 quaein
1011 1705 1086 1748 arce
1108 1683 1266 1769 Pragensi
1288 1684 1343 1749 die
1367 1683 1400 1753 S.

111 1783 274 1851 Vincentii
297 1784 463 1851 celebrata
484 1784 633 1867 fuerunt,
668 1807 728 1850 rex
761 1788 870 1851 omnia
896 1789 990 1874 regni
1014 1788 1122 1853 officia
1143 1787 1266 1853 ademit
1288 1790 1345 1871 eis,
1370 1796 1401 1853 et

55 1974 58 1985 Ι
108 1890 234 1981 juravit
254 1889 443 1979 proceribus
469 1898 501 1955 et
523 1890 686 1977 equitibus
709 1888 805 1976 hujus
828 1892 942 1978 regni,
965 1893 1127 1979 incipiens
1141 1892 1305 1958 adomino
1320 1892 1399 1958 Lew

111 2006 260 2084 supremo
282 1994 500 2082 burggravio,
531 2016 635 2085 usque
668 1995 710 2061 ad
733 1996 841 2061 officia
862 1997 989 2062 minore
1010 1997 1194 2064 tabularum
1217 2006 1325 2064 terrae
1345 1995 1399 2063 vel

106 2101 210 2189 regni,
241 2108 274 2166 et
301 2099 429 2166 culinae
453 2100 533 2187 ejus,
567 2108 600 2165 et
621 2099 686 2165 6116
707 2100 816 2168 officia
840 2100 1039 2189 judiciorum
1069 2104 1173 2189 regni.
1198 2101 1394 2190 Supremam

107 2205 375 2293 burggraviatum
408 2215 488 2271 tunc
510 2209 612 2290 gessit
634 2207 784 2273 dominus
810 2206 889 2273 Lew
912 2208 1160 2295 suprascriptus,
1189 2208 1283 2293 regni
1307 2228 1399 2295 prae·

106 2313 210 2380 fectus
231 2313 293 2378 fnit
313 2312 462 2379 dominus
483 2310 681 2377 Adalbertus
703 2310 744 2377 de
765 2311 955 2395 Perustein,
989 2333 1160 2400 supremus
1183 2310 1398 2377 cancellarius

107 2416 257 2484 dominus
278 2417 440 2483 Hearicus
463 2414 1207 2503 8616166616,66661666616616616661666
1230 2415 1398 2481 Jaroslaus

107 2521 351 2607 Schellenberg,
365 2521 547 2609 praefectus
569 2519 663 2586 aulae
684 2520 833 2586 dominus
847 2520 1058 2586 Wenceslaus
1080 2520 1321 2607 Kosohatesky,
1348 2541 1397 2585 su·

105 2649 237 2715 promus
253 2627 359 2714 judex
381 2624 531 2692 dominus
552 2624 675 2713 Hynek
692 2624 819 2712 (Β61116
842 2623 883 2689 16
906 2625 1059 2690 1116611616
1080 2634 1113 2690 61
1135 2624 1300 2714 8616161),
1325 2623 1398 2690 661·

107 2733 302 2798 camerarius
324 2730 413 2818 Oppl
430 2731 644 2814 delicatum,
669 2751 837 2817 supremus
871 2730 965 2815 regni
988 2728 1097 2795 scriba
1117 2729 1290 2796 Radislaus
1313 2730 1398 2794 Ber·

108 2835 249 2925 kousky
268 2835 310 2901 de
322 2834 545 2916 Schebiraow3
569 2834 655 2923 apud
676 2833 804 2900 tabulas
825 2833 933 2918 Regni
953 2834 1237 2899 vioe-camerarius
1260 2834 1322 2899 1611
1343 2834 1397 2899 Ni·

95 2939 388 3026 ·colausBryknsr,
411 2940 608 3006 vice-scriba
632 2936 845 3005 Wenzeslaus
860 2936 1051 3025 Robenhap.
1094 2939 1138 3007 Et
1159 2941 1208 3005 sic
1229 2938 1303 3003 aliis
1327 2939 1396 3005 offi-

105 3045 241 3133 cialibus
262 3045 440 3135 majoribus
462 3054 495 3111 61
516 3043 695 3111 minoribus
723 3042 846 3108 ademit
867 3041 983 3108 6111616
1005 3041 1149 3109 Tabulas
1171 3044 1269 3109 ctiam
1301 3043 1393 3130 regni

92 3144 139 3216 Ι16
161 3170 252 3216 suam
285 3157 479 3237 potestatem
523 3149 675 3234 suscepit,
719 3145 879 3211 mandans
912 3147 1004 3211 6116
1026 3145 1139 3211 6611661
1160 3146 1395 3233 obsigillentur.

101 3250 186 3321 Item
229 3254 350 3342 scripta
391 3253 517 3340 accepti
561 3259 593 3316 61
614 3249 751 3337 expensi
795 3248 916 3314 domini
937 3249 1026 3332 Lew,
1059 3252 1234 3339 praecipue
1271 3273 1315 3319 ex
1337 3254 1395 3320 hac

103 3378 218 3436 causa3
241 3357 328 3448 qnod
348 3358 420 3443 regi
443 3365 476 3422 61
496 3355 627 3422 domino
649 3374 707 3419 666
728 3354 906 3441 potentiam
937 3353 1125 3421 dominandi
1147 3355 1389 3444 denegaverint,

17 3510 21 3517 -
103 3466 251 3532 nolentes
273 3474 380 3533 666166
402 3473 434 3530 61
463 3485 555 3529 arces
578 3463 649 3550 ejus
671 3461 778 3527 eidem
800 3461 927 3544 cedere,
951 3463 1035 3528 sicut
1052 3463 1124 3550 jam
1146 3461 1187 3528 16
1204 3462 1269 3527 166
1290 3463 1390 3549 scrip·

104 3578 173 3649 tum
193 3568 263 3657 fnit,
287 3579 319 3637 et
339 3568 511 3651 voluerint,
543 3589 586 3633 66
607 3589 668 3632 rex
697 3567 875 3655 quidquam
898 3566 1066 3653 gubernet,
1088 3568 1154 3633 nisi
1175 3567 1211 3632 in
1233 3576 1389 3654 quantum

105 3672 211 3740 eidem
232 3674 354 3764 aliquid
378 3673 580 3739 admiserint.
594 3671 687 3737 Haec
698 3671 837 3737 sublatio
848 3671 1028 3737 officiorum
1049 3671 1137 3737 facta
1157 3670 1219 3736 1611
1241 3670 1391 3743 61611661

101 3796 202 3866 opera
222 3778 394 3844 multorum
409 3777 545 3842 aliorum
560 3774 764 3842 dominorum
789 3783 822 3840 et
844 3778 989 3863 equitum
1004 3775 1065 3842 sub
1079 3785 1262 3863 utraque
1283 3774 1392 3861 specie

103 3882 419 3959 communicantium,
456 3882 554 3946 etiam
587 3881 801 3968 Pragensium
833 3901 908 3946 cum
942 3888 1009 3946 1616
1039 3887 1125 3945 61616
1148 3878 1247 3947 civili.
1283 3879 1389 3967 Atque

101 3982 157 4052 hio
178 3985 286 4052 denuo
320 4003 406 4050 nova
437 3984 562 4051 invidia
595 3993 709 4051 exorta
739 3984 802 4049 1611
823 3983 1004 4050 interillos
1027 4005 1139 4049 omnes
1166 3983 1333 4066 officiales,
1358 3990 1389 4049 et

103 4090 190 4157 inter
210 4089 271 4156 hos
293 4109 415 4175 omnes,
438 4090 494 4177 qui
514 4091 586 4177 regi
598 4090 731 4157 domino
746 4110 804 4154 suo
818 4085 1044 4171 adhaeserunt,
1061 4087 1148 4175 quod
1163 4087 1257 4154 brevi
1271 4087 1391 4154 161616

101 4192 228 4280 Pragae
272 4190 393 4257 factum
425 4193 495 4259 1611.
538 4194 603 4259 1)16
636 4193 751 4259 Martis
785 4201 893 4259 autem
926 4200 1002 4256 6616
1045 4191 1133 4256 diem
1178 4190 1396 4257 translationis

102 4296 135 4367 S.
166 4294 355 4363 Wenceslai
387 4299 421 4363 in
455 4299 595 4366 comitiis
629 4299 711 4382 aliis,
746 4320 830 4386 quae
852 4295 1018 4364 celebrata
1049 4303 1125 4361 sunt
1145 4295 1181 4359 in
1209 4316 1287 4361 arce
1318 4295 1395 4362 Pra-

106 4400 200 4491 gensi
221 4401 256 4466 in
278 4400 359 4469 16616
382 4402 413 4470 S.
435 4403 589 4487 Mathiae,
610 4404 783 4469 renovavit
802 4423 864 4467 rex
886 4401 996 4466 omnia
1019 4400 1129 4467 6111616
1150 4407 1184 4465 61
1197 4398 1281 4465 nulli
1302 4400 1395 4475 resti·

103 4506 174 4592 tuit,
194 4505 260 4571 nisi
292 4504 377 4574 forte
409 4508 534 4577 duobus
557 4507 601 4573 ad
622 4507 750 4573 tabulas
782 4506 878 4592 regni
899 4504 1032 4591 scribis3
1066 4503 1127 4571 sed
1148 4501 1318 4573 distribuit
1337 4504 1397 4571 illa

83 4608 232 4697 ¹talibus,
256 4611 312 4701 qui
332 4634 395 4679 666
416 4612 459 4679 16
471 4612 524 4678 116
538 4609 734 4698 cogitabant,
755 4630 864 4697 nequa
878 4608 936 4675 illa
949 4607 1189 4693 desiderabant,
1205 4608 1262 4696 qui
1277 4626 1396 4696 nempe

85 4736 176 4782 eum
198 4726 237 4782 ut
255 4717 422 4784 dominum
457 4736 550 4785 suum
574 4714 755 4803 diligebant
786 4722 819 4780 et
846 4736 985 4804 regnum
1013 4714 1087 4797 hoo,
1122 4720 1155 4780 et
1188 4714 1245 4800 qui
1265 4712 1398 4781 1666661
