2948 5040
91 178 139 247 44

187 349 275 417 Item
306 371 379 417 cum
410 348 491 415 alias
521 354 709 413 consuetum
731 344 837 428 fuerit,
867 345 953 432 quod
985 367 1028 413 ex
1056 342 1202 433 quohbet
1232 343 1389 413 territorio

94 452 281 545 specialiter
302 475 376 519 cum
407 452 615 541 processione
637 450 765 534 iverint,
793 457 927 535 agentes
947 448 1028 515 illud
1050 448 1092 516 ob
1115 450 1339 533 securitatem,
1357 448 1387 513 id

93 561 191 625 etiam
220 559 255 622 in
277 566 442 644 posterum
469 566 617 621 servetur
651 563 683 622 et
704 565 902 642 permaneat.
948 552 1013 633 Qui
1034 577 1111 620 vero
1134 576 1210 620 cum
1231 552 1386 641 processi·

92 684 154 728 one
176 662 281 744 iverit,
315 682 380 726 non
412 659 627 747 exprobretur
649 658 765 740 eidem,
789 658 873 745 quod
896 658 1066 746 hypocrita
1080 658 1132 741 sit,
1154 665 1212 723 aut
1233 667 1386 733 econtra,

94 765 150 852 qui
171 766 220 829 ire
241 762 392 843 noluerit,
418 784 478 850 pro
499 760 677 841 Piclrhartn¹
698 784 763 827 non
786 761 952 843 habeatur,
985 762 1094 848 itaque
1128 758 1325 847 simpliciter
1345 758 1385 825 di-

92 869 208 953 cendo,
230 890 272 933 ne
294 889 378 932 unus
409 865 546 931 alterum
569 868 737 955 vituperet,
763 866 1025 931 etcontentiones
1038 860 1384 951 quilibetintermittat,

92 972 150 1039 aed
169 973 287 1060 potius,
309 979 346 1036 ut
368 992 404 1035 se
430 971 572 1037 invicem
593 969 730 1058 pacifice
752 970 925 1056 corrigant

175 1178 260 1243 Item
281 1180 413 1264 quinto;
436 1177 545 1245 officia
567 1185 600 1242 et
621 1178 753 1243 servitia
768 1173 982 1242 sacerdotalia
997 1176 1043 1239 ita
1056 1184 1285 1262 permaneant,
1308 1176 1385 1241 sicu

94 1282 284 1348 conclusum
307 1291 365 1365 est,
401 1280 460 1347 sed
480 1302 586 1347 novae
607 1279 694 1368 apud
716 1279 774 1344 illa
795 1278 904 1344 officia
926 1276 1175 1343 eonsuetudines
1197 1299 1268 1342 non
1291 1276 1383 1344 habe

90 1394 206 1471 antur3
227 1407 342 1474 preces
363 1385 593 1467 monastriam,
616 1405 690 1449 cum
713 1384 778 1447 sint
800 1392 912 1448 contra
935 1380 1041 1468 legem
1063 1380 1138 1464 Dei,
1161 1390 1303 1447 cessent

173 1590 256 1657 Item
281 1600 391 1676 sexto;
415 1592 502 1679 quod
524 1592 802 1657 consecrationem
823 1591 968 1677 corporis
1002 1598 1035 1654 et
1067 1588 1236 1673 sanguinis
1259 1586 1383 1653 domini

86 1697 190 1761 nostri
210 1695 291 1762 Jesu
313 1694 435 1762 Christi
457 1698 632 1778 concernit,
655 1695 737 1760 haec
757 1715 778 1759 a
800 1694 967 1760 sacerdote
988 1695 1035 1758 ita
1056 1690 1239 1758 celebretur
1273 1702 1309 1757 et
1329 1692 1385 1759 hu-

87 1797 212 1883 beatur,
235 1800 319 1865 sicut
340 1800 421 1865 alias
444 1798 607 1866 celebrata
627 1798 697 1882 fuit,
721 1822 784 1864 non
807 1807 842 1863 ut
864 1796 1017 1862 sacerdos
1051 1793 1093 1860 ab
1116 1795 1210 1862 altari
1233 1818 1273 1862 ae
1296 1818 1386 1864 aver·

87 1911 143 1985 tat,
167 1913 200 1968 et
221 1903 310 1969 clara
331 1926 412 1970 voce
434 1914 611 1987 consecret,
636 1903 694 1969 sed
708 1913 744 1969 ut
766 1911 934 1968 consecret
962 1903 997 1967 in
1020 1901 1122 1985 altari,
1146 1900 1262 1988 lingua
1285 1900 1386 1991 quali·

86 2030 224 2096 cunque,
252 2007 423 2075 bohemica
444 2008 498 2076 vel
522 2008 631 2092 latina,
655 2006 829 2073 dummodo
853 2028 933 2071 voce
967 2005 1110 2070 demissa
1130 2005 1165 2068 in
1188 2002 1333 2090 silentio,
1355 2014 1386 2071 et

85 2133 153 2176 non
191 2111 279 2177 clara
314 2135 395 2178 voce
432 2112 498 2196 fiat,
537 2119 569 2176 et
589 2111 832 2199 pronuncietur,
857 2132 898 2175 ex
921 2109 1017 2175 certis
1041 2108 1156 2174 causis.
1200 2106 1290 2175 Item
1313 2132 1386 2175 cum

85 2215 166 2281 alias
199 2226 387 2281 consuetum
418 2226 451 2282 et
483 2227 590 2281 actum
622 2216 729 2298 fuerit,
763 2214 848 2301 quod
869 2213 1034 2300 hucusque
1057 2214 1153 2277 etiam
1175 2210 1248 2277 lieri
1270 2214 1384 2301 possit,

86 2327 121 2383 ut
146 2319 299 2384 sacerdos
321 2330 395 2406 post
417 2319 632 2385 elevationem
645 2341 679 2383 se
703 2319 744 2383 ad
759 2317 913 2406 populum
930 2325 1107 2400 convertat,
1129 2315 1385 2383 admonitionem

88 2429 120 2486 et
158 2422 415 2487 exhortationem
437 2421 479 2486 ad
500 2421 657 2510 populum
680 2423 831 2510 proferat,
853 2434 889 2488 ut
910 2421 1049 2509 populus
1068 2443 1195 2486 omnem
1218 2422 1384 2489 venerati·

86 2545 191 2607 onem,
224 2526 483 2591 aestimationem
516 2535 550 2591 et
581 2527 773 2614 religionem
801 2526 964 2608 exhibeat,
996 2527 1083 2591 etin
1105 2526 1300 2593 memoriam
1323 2525 1385 2593 sibi

86 2625 221 2693 reducat
242 2625 402 2694 beneficia
421 2630 556 2695 Domini
579 2616 666 2697 Deis
696 2630 782 2696 Illud
804 2631 911 2696 adhuc
933 2637 1088 2695 servetur.

171 2832 253 2900 Item
288 2838 445 2925 septimo;
480 2839 566 2927 quod
588 2848 719 2905 cantum
741 2841 775 2904 in
807 2838 947 2905 ecclesia
969 2838 1028 2904 sub
1051 2840 1152 2904 missa
1178 2840 1309 2923 attinet,
1331 2838 1384 2905 hic

84 2961 166 3004 voce
204 2951 236 3005 et
258 2963 406 3008 sermone
428 2943 638 3030 intelligibili,
661 2944 714 3009 vel
750 2942 850 3008 latina
867 2944 964 3030 juxta
985 2941 1184 3008 voluntatem
1207 2942 1384 3033 cujuslibet

86 3043 265 3109 sacerdotis
288 3054 320 3110 et
343 3047 611 3112 consuetudinem
635 3049 789 3113 territorii
811 3056 1011 3113 exerceatur.

180 3254 264 3319 Item
286 3264 419 3339 octavo;
443 3254 529 3344 quod
551 3254 671 3319 famam
695 3263 726 3319 et
748 3277 910 3320 rumorem
932 3255 1183 3321 insufficientem
1200 3264 1233 3319 et
1247 3256 1373 3323 indebi-

88 3367 154 3422 tum
178 3360 311 3436 attinet,
334 3381 408 3424 cum
430 3380 586 3424 nauseam
609 3368 641 3422 et
666 3356 904 3445 displicentiam
941 3361 1026 3424 inter
1051 3360 1196 3425 homines
1219 3360 1379 3444 adferant,

92 3462 286 3549 quicumque
309 3463 408 3528 talem
431 3483 593 3527 rumorem
616 3461 797 3527 indebitum
819 3464 904 3527 inter
925 3461 1073 3529 homines
1086 3465 1251 3551 sparserit,
1276 3474 1312 3530 et
1334 3462 1380 3529 illi

90 3565 123 3629 id
145 3565 276 3652 probari
298 3568 426 3654 poterit,
449 3588 488 3630 ac
509 3566 735 3652 fidejussorem
768 3589 833 3631 non
864 3566 1032 3650 habuerit,
1063 3568 1195 3635 realiter
1215 3569 1378 3656 puniatur.

169 3770 251 3835 Item
273 3795 380 3856 nono;
415 3773 502 3861 qnod
536 3782 692 3839 tractatus
721 3774 962 3862 qualescunque
991 3776 1026 3839 in
1062 3774 1175 3862 lingua
1207 3774 1382 3843 bohemica

92 3871 194 3937 editos
226 3877 358 3958 attinet,
392 3899 465 3942 curn
504 3877 589 3943 hanc
627 3878 862 3944 ordinationem
897 3877 1175 3943 administratores
1208 3880 1309 3965 primi
1342 3902 1382 3947 ex

87 3978 277 4043 consistorio
301 3984 579 4066 conservaverint,
603 3982 684 4048 tales
701 3992 856 4049 tractatus
869 3982 1115 4070 exquisiverint,
1140 3991 1171 4046 et
1182 3985 1239 4070 qui
1253 3984 1381 4051 erronei

91 4078 230 4163 fuerunt,
253 4081 295 4146 ab
317 4083 581 4152 administratore
602 4085 791 4165 levaverint,
816 4086 903 4151 etin
926 4087 1016 4150 curia
1039 4086 1259 4174 deposuerint,
1283 4088 1379 4155 adeo

90 4204 155 4269 que
178 4192 211 4248 et
232 4207 319 4250 nunc
341 4187 461 4273 inquiri
485 4202 515 4254 et
540 4190 713 4278 dijudicari
736 4189 866 4272 debent,
889 4198 987 4278 prout
1008 4189 1089 4256 alias
1111 4198 1219 4254 actum
1241 4190 1314 4257 fuit

171 4390 254 4455 Item
288 4391 431 4477 decim03
463 4416 501 4459 ex
531 4397 648 4483 quibus
678 4396 828 4461 omnibus
852 4397 959 4460 causis
977 4398 1049 4484 jam
1073 4396 1168 4462 dictis
1199 4400 1317 4465 consul
1351 4408 1382 4465 et

88 4503 218 4559 senatus
250 4517 323 4560 cum
353 4497 534 4564 senioribus
565 4502 803 4565 communitatis
829 4508 961 4585 rogant,
997 4509 1028 4564 et
1058 4499 1234 4566 admonent
1268 4524 1382 4569 omnes

85 4598 280 4676 universim,
318 4610 353 4666 ut
386 4623 421 4666 se
445 4601 542 4686 juxta
571 4602 737 4670 decretum
759 4604 821 4669 hoo
844 4614 976 4690 gerant,
1011 4615 1044 4669 et
1073 4603 1235 4691 dirigant3
1266 4606 1382 4695 quodsi

84 4720 162 4769 vero
182 4700 302 4797 aliquis
323 4703 365 4772 ab
395 4704 458 4773 hac
487 4704 541 4776 die
563 4705 604 4772 de
638 4705 875 4797 saecularibus,
905 4707 1042 4795 civibus,
1064 4716 1122 4775 aut
1142 4706 1280 4781 advenio
1302 4733 1381 4783 oon·
