2948 5040
143 358 231 426 sans,
253 338 390 407 honeste
410 336 518 406 eidem
539 337 669 408 obviam
700 338 859 428 procerrit
886 357 989 427 usque
1020 336 1064 407 sd
1093 341 1328 411 coemeterium
1358 343 1428 412 Slo

141 462 287 512 canense
314 441 546 531 :Neo-Pragsm
581 451 614 509 et
644 441 765 510 abinde
801 464 876 510 eum
909 441 1024 509 eadem
1059 443 1103 511 ad
1132 465 1243 513 arcem
1268 451 1426 535 perrexit

136 547 287 616 'l'sndem
306 547 363 615 die
381 547 497 614 llartis
516 555 593 636 post
612 545 700 613 diem
719 547 878 615 memoria
908 546 1043 634 dignam
1078 550 1225 636 magistri
1262 550 1426 619 iohannis

136 651 234 722 Harii
266 652 333 741 (17.
355 650 436 739 Jul.)
467 652 575 740 partui
598 650 796 735 accelerans,
836 658 932 718 nocte
953 672 1146 739 praegressa
1164 657 1293 742 peperit
1315 655 1427 740 filiam,

138 778 221 848 quse
240 755 403 846 baptisate
435 755 497 823 fuit
516 755 572 823 die
591 755 766 822 Dominica
799 776 878 822 mox
909 760 1065 844 sequenti,
1102 765 1136 823 et
1166 756 1279 825 datum
1314 761 1427 829 siluit

139 883 259 930 nomen
280 860 386 928 Anna
1310 949 1314 957 Ι

222 965 370 1032 Tandem
400 973 572 1054 postquam
599 962 723 1030 tamdiu
753 967 824 1052 jam
853 963 979 1049 exules,
1010 965 1095 1031 sicut
1114 972 1211 1031 antea
1245 964 1425 1055 dictum,a

135 1091 214 1159 rege
234 1071 452 1160 postulassent
466 1070 591 1160 justam
612 1070 832 1158 provisionem
851 1091 913 1157 per
930 1069 1092 1158 judicium
1111 1070 1147 1135 in
1168 1091 1268 1137 causa
1297 1072 1422 1141 discor-

136 1175 263 1244 diarum
283 1196 359 1242 cum
378 1174 598 1262 Pragensibus
619 1181 770 1258 ortamm,
793 1183 871 1241 tuno
891 1173 946 1240 die
960 1173 1074 1240 Martis
1096 1184 1172 1262 post
1184 1175 1307 1243 festum
1336 1200 1426 1247 sanc·

136 1281 282 1349 tissimas
301 1280 471 1348 Trinitatis
493 1281 660 1346 constituit
677 1281 808 1368 utrique
836 1281 923 1368 parti
943 1280 1117 1346 terminum
1139 1279 1276 1347 sistendi
1313 1283 1351 1349 in
1375 1285 1426 1372 ju·

137 1383 224 1455 dlcio
253 1406 314 1474 per
338 1383 449 1451 literas
470 1384 645 1470 citatorias,
666 1394 705 1452 ut
724 1406 834 1451 coram
866 1382 925 1451 illo
947 1391 980 1450 et
1012 1383 1206 1451 consiliariis
1242 1386 1316 1474 ejus
1338 1409 1424 1454 com·

136 1498 273 1578 pareant
292 1490 328 1554 in
349 1509 425 1555 arce
446 1487 604 1576 Pragensi
626 1488 681 1555 die
703 1488 853 1572 Veneris,
873 1509 993 1575 nempe
1015 1488 1111 1554 tertia
1131 1487 1185 1556 die
1205 1500 1282 1578 post
1310 1490 1429 1559 festum

135 1595 248 1661 Sancti
268 1592 406 1660 Joannis
428 1592 604 1682 Baptistae,
626 1592 662 1660 id
683 1602 734 1660 est
754 1593 808 1660 die
831 1593 1023 1662 Sanctorum
1044 1592 1134 1659 Petri
1164 1601 1197 1660 et
1216 1594 1313 1662 Pauli
1333 1597 1429 1686 Apo-

137 1698 291 1765 stolorum
300 1696 367 1787 (29.
375 1697 481 1786 Jun.).
504 1697 593 1764 Hinc
607 1697 720 1765 exules
741 1698 785 1765 ad
805 1700 915 1765 omnia
933 1697 1039 1786 parati
1049 1697 1142 1764 citari
1152 1711 1429 1770 curaverunt-no-

136 1801 270 1870 tabilem
291 1822 461 1870 numerum
475 1803 597 1870 civium
609 1802 823 1892 Pragensium
845 1805 968 1872 altioris
989 1815 1021 1873 et
1041 1806 1204 1872 inferioris
1226 1807 1424 1875 conditionis

135 1928 240 1996 usque
260 1907 432 1997 adipsum
454 1916 611 1992 senatum,
631 1930 692 1996 pro
714 1907 850 1979 edendis
870 1910 971 1976 variis
988 1911 1195 1996 testimoniis,
1219 1913 1272 1977 cui
1312 1935 1430 2004 nempe

136 2012 260 2102 aliquid
281 2014 316 2080 in
339 2014 537 2080 contrarium
559 2014 694 2100 egerint,
716 2034 775 2102 pro
797 2034 834 2079 re
849 2013 917 2099 vili,
940 2023 976 2082 nt
997 2015 1071 2082 illos
1093 2037 1159 2082 non
1180 2016 1341 2105 relegent,
1367 2019 1423 2086 aed

135 2139 196 2210 pro
216 2118 303 2185 veris
323 2116 476 2185 fidelibus
498 2116 693 2184 Christianis
714 2117 856 2185 habeant
888 2129 922 2186 et
941 2122 1123 2200 aestiment,
1145 2123 1202 2211 qui
1223 2144 1339 2189 omnes
1364 2124 1423 2190 sub

131 2225 318 2314 juramento
338 2221 434 2289 fateri
468 2220 651 2289 debuerunt
671 2224 706 2287 in
737 2222 932 2291 cancellaria
967 2226 1071 2313 regia,
1113 2227 1289 2294 Praeterea
1322 2236 1424 2295 totum

136 2337 283 2395 senatum
319 2329 413 2396 citari
442 2338 604 2413 curarunt,
640 2337 676 2394 ut
697 2327 799 2395 libros
821 2329 963 2396 civitatis
986 2330 1152 2419 quosdam,
1183 2342 1374 2402 contactus
1396 2343 1424 2401 et

136 2435 349 2502 instrumenta
370 2455 428 2500 sua
450 2433 538 2520 regis
558 2432 720 2500 Ludovici
741 2433 785 2499 ad
805 2433 863 2500 illa
884 2436 1068 2502 testimonia
1089 2458 1198 2503 coram
1219 2459 1301 2524 rege
1324 2439 1420 2529 depo-

135 2548 223 2605 nant
249 2538 341 2605 Haeo
362 2540 471 2605 omnia
492 2559 590 2626 agere
611 2538 802 2624 debuerunt,
826 2542 975 2628 quamvis
998 2563 1073 2607 oum
1094 2563 1213 2631 magna
1244 2545 1352 2611 animi
1371 2546 1417 2610 sni

136 2642 336 2727 difficultate,
356 2665 418 2732 per
439 2643 526 2733 quod
542 2645 614 2733 jam
636 2643 865 2711 dividebantur
900 2645 1080 2712 interillos
1102 2646 1238 2714 consilia
1259 2647 1420 2738 Achytoi-

136 2747 192 2815 feli
224 2747 365 2814 infidelis
396 2758 428 2815 et
463 2749 595 2837 superbi
616 2750 733 2817 Amen.
777 2749 865 2816 Dum
896 2750 996 2837 igitur
1016 2760 1152 2839 utraque
1183 2775 1259 2842 pars
1297 2777 1426 2843 compa·

135 2856 263 2939 ruisset,
285 2863 375 2921 ortae
397 2865 472 2921 sunt
492 2855 720 2924 reluctationes
741 2863 875 2945 propter
895 2878 959 2921 non
998 2855 1075 2923 data
1110 2857 1259 2924 exulibus
1283 2861 1427 2926 testimo·

135 2960 191 3025 nia
211 2981 232 3025 a
253 2960 350 3026 certis
371 2959 566 3049 quibusdam
587 2962 737 3050 personis
757 2961 988 3049 Pragensibus,
1004 2971 1037 3027 et
1058 2965 1204 3050 personis
1228 2965 1427 3052 quibusdam

135 3065 209 3131 aliis
241 3085 285 3132 ex
306 3066 491 3134 civitatibus
514 3067 677 3134 districtus
698 3067 878 3153 Plsnensis,
901 3069 977 3157 quia
998 3068 1179 3155 Pragenses
1201 3068 1259 3134 illa
1280 3073 1426 3136 testimo·

135 3169 191 3236 nia
220 3168 298 3238 dare
318 3171 573 3261 impediverunt,
589 3172 790 3261 proferentes
812 3184 928 3239 causas
949 3173 1107 3262 quasdam
1138 3175 1365 3241 inconstantes
1398 3184 1427 3242 et

134 3275 284 3355 incertas,
317 3278 508 3365 praesertim
529 3276 623 3362 hano,
659 3278 827 3344 dicentes:
851 3278 938 3366 quod
959 3278 1120 3364 quaedam
1154 3278 1277 3344 eisdem
1314 3281 1352 3346 in
1375 3304 1421 3347 se-

135 3388 214 3448 natu
236 3390 269 3448 et
289 3381 425 3449 consilio
448 3380 535 3448 dicta
556 3382 685 3467 fuerint,
709 3404 792 3472 quae
815 3402 880 3449 non
903 3381 1035 3448 deceret
1069 3392 1161 3447 extra
1184 3382 1362 3450 consilium
1393 3393 1423 3452 et

137 3495 284 3553 senatum
319 3487 535 3556 manifestare.
590 3485 643 3554 Ob
680 3509 777 3576 quam
809 3509 939 3553 oausam
973 3498 1033 3552 r'ex
1051 3538 1054 3544 ,
1063 3486 1224 3574 judicium
1253 3486 1339 3554 illud
1362 3489 1424 3554 dis·

135 3591 274 3676 tulitut
294 3593 381 3658 intra
414 3592 581 3660 octiduum
614 3591 721 3660 eidem
757 3593 902 3679 satisfiat,
940 3600 973 3658 et
995 3591 1155 3677 exulibus,
1187 3601 1223 3658 ut
1245 3593 1425 3661 secundum

129 3695 207 3784 jura
226 3697 411 3764 testimonia
431 3697 548 3766 dentur
569 3697 611 3766 ab
632 3698 721 3782 illis,
743 3699 800 3787 qui
820 3697 864 3764 ad
886 3696 968 3763 baec
990 3695 1098 3762 danda
1119 3696 1316 3782 citabuntur,
1328 3722 1421 3788 prae·

136 3802 247 3873 sertin
261 3801 303 3869 de
327 3802 403 3889 illis,
426 3827 510 3895 quae
524 3806 560 3872 in
571 3813 687 3873 senatu
699 3812 732 3871 et
743 3803 878 3870 consilio
891 3825 1001 3870 eorum
1012 3803 1158 3869 instituto
1169 3803 1297 3892 prolata
1311 3815 1345 3870 et
1355 3815 1426 3872 acta

134 3925 201 3974 non
221 3917 296 3974 sunt
322 3918 418 3998 atque
440 3911 494 3978 hic
508 3912 581 3999 jam
602 3912 718 3978 iterum
740 3906 931 3998 quibusdam
943 3907 1161 3996 Pragensibus
1174 3905 1425 3977 notabiliorib'us

135 4033 220 4103 aqua
240 4015 289 4080 ori
309 4012 546 4100 infundebatur,
571 4030 654 4109 quae
676 4016 784 4081 omnia
805 4015 887 4081 haec
909 4014 1111 4102 supprimere
1140 4012 1306 4100 volebant.
1337 4015 1426 4081 Dum

135 4139 213 4186 vero
245 4118 364 4187 deinde
397 4120 448 4188 his
469 4121 631 4189 derebus
653 4143 695 4187 ex
717 4129 853 4210 utraque
884 4106 986 4209 parte,
1021 4127 1086 4185 tam
1122 4116 1223 4182 multa
1257 4115 1424 4206 loquendo

135 4225 392 4314 proferebantur,
414 4250 476 4294 rex
498 4226 605 4294 denuo
627 4229 867 4294 accusationem
902 4223 1045 4308 rescidit,
1080 4221 1195 4289 volens
1231 4243 1293 4311 per
1330 4246 1427 4312 quae

134 4329 210 4397 dam
220 4330 364 4397 remedia
375 4331 448 4416 alia,
470 4353 588 4421 nempe
610 4355 670 4421 per
681 4333 932 4398 transactionem
944 4330 1001 4394 has
1014 4328 1194 4394 discordias
1220 4349 1426 4418 componere

220 4436 285 4503 Die
294 4435 389 4504 Jovis
403 4459 481 4504 vero
493 4440 641 4525 sequenti
651 4448 726 4527 post
736 4437 853 4504 festum
863 4435 896 4502 S.
906 4433 1029 4499 Kiliani
1039 4432 1165 4521 (ascl.)
1178 4452 1239 4498 rex
1255 4434 1428 4500 mandavit

135 4541 267 4609 domino
278 4541 420 4626 Hlswsa,
447 4550 480 4609 et
497 4543 652 4630 magistro
667 4540 863 4610 Wenoeslao
876 4537 1019 4620 Danieli,
1042 4544 1078 4603 ut
1098 4536 1141 4603 ad
1163 4558 1222 4602 sua
1237 4536 1428 4604 habitacula

136 4645 442 4734 Pragamredeant,
464 4648 610 4716 tribuens
632 4648 698 4715 illis
710 4647 837 4715 salvum
859 4643 1054 4711 conductum
1067 4660 1171 4729 usque
1192 4638 1236 4706 ad
1249 4643 1428 4709 terminum

124 4749 160 4820 S.
191 4742 368 4823 Laurentii
385 4758 539 4848 proxime
571 4757 720 4844 venturi-3
747 4749 967 4842 Pragensibus
988 4770 1077 4835 vcro,
1106 4746 1263 4834 magistro
1285 4744 1429 4830 Passek,
