2948 5040
78 114 158 231 ¹'roa
225 262 234 277 ,

632 350 789 419 CAPUT,
810 350 842 418 2.

92 464 154 527 Ubi
176 465 362 539 describitur,
384 465 488 543 quales
510 464 610 524 literas
631 462 779 525 Martinus
801 461 949 519 Lutherus
963 457 1054 520 Gallo
1069 457 1206 522 (trahere
1217 455 1379 539 scripserit

92 561 123 612 et
143 554 289 632 quomodo
321 561 390 630 post
418 553 547 610 reditum
569 571 589 610 a
617 551 749 610 Luthsro
763 548 811 635 ,in
845 547 1035 607 concionibus
1065 567 1132 606 eum
1165 547 1382 621 dilaudaverit,

111 712 114 719 Ι
266 698 269 703 ,
309 649 391 717 postl
401 639 541 716 exiguum
562 640 635 698 bero
658 647 774 713 tempus
798 635 969 699 immutatus
991 635 1174 699 retrocessit.

79 761 83 769 '
179 755 272 821 Aliae
294 756 408 822 literae
430 753 527 822 Gallo
544 753 800 847 ,administratori
832 755 952 818 missae
974 754 1021 817 ita
1043 759 1176 817 sonant:
1211 749 1331 816 Gratia
1352 756 1385 814 et

92 879 168 947 pax.
180 859 215 923 in
234 856 372 924 Christo.
406 858 509 937 Licet,
541 879 616 931 care
646 856 752 938 Galle,
776 855 931 944 judicem,
955 854 1042 945 quod
1071 856 1168 920 nimis
1201 853 1320 919 tardae
1354 863 1385 919 et

93 963 207 1028 inanes
231 974 325 1029 crunt
348 985 440 1029 meae
462 964 654 1028 monitoriae
677 963 799 1046 literae,
822 962 939 1049 quibus
964 972 997 1027 te
1019 984 1039 1026 a
1060 983 1097 1026 re
1119 961 1251 1047 incepta
1273 957 1379 1025 abdu-

37 1084 41 1105 ¹
95 1087 213 1144 cerem,
236 1089 309 1131 cum
325 1068 398 1155 jam
420 1066 477 1132 diu
498 1064 661 1132 occultare
684 1069 865 1133 cessaveris
888 1067 979 1149 haec,
1003 1066 1120 1154 quibus
1134 1086 1205 1148 nos,
1229 1065 1383 1129 sicutno·

94 1179 164 1259 tum
186 1171 247 1236 tibi
270 1180 328 1254 est,
351 1170 496 1237 indebito
519 1193 615 1235 cursu
637 1170 805 1258 decepisti,
830 1194 903 1237 cum
925 1180 1037 1260 aperte
1059 1169 1100 1236 ab
1115 1170 1228 1255 agnita
1242 1169 1380 1234 veritate

95 1274 247 1360 recedas3
283 1275 493 1340 nihilominus
515 1274 661 1341 ultimam
694 1276 802 1341 adhuc
836 1275 1012 1359 amicitiam
1034 1271 1282 1349 monstrandam
1316 1281 1380 1337 ten·

44 1424 47 1429 -
95 1387 165 1444 tare
186 1378 283 1451 volui.
305 1379 456 1461 Reuerte,
478 1380 524 1443 mi
546 1378 651 1464 Galle,
674 1389 707 1446 et
727 1381 808 1465 redi,
830 1380 985 1467 quamdiu
1006 1390 1132 1467 ternpus
1154 1376 1269 1461 habes,
1294 1399 1385 1443 ceses

100 1483 174 1551 Deo
198 1492 230 1548 et
251 1483 380 1549 Christo
403 1483 578 1568 adversari,
607 1484 703 1551 homo
726 1508 770 1569 ea,
804 1507 869 1550 non
892 1485 989 1571 longo
1011 1493 1156 1570 tempore
1189 1486 1322 1566 vivens,
1355 1490 1382 1548 et

96 1588 231 1654 forsitan
254 1588 315 1673 hoc
332 1597 492 1679 tempore,
520 1611 583 1677 quo
606 1589 766 1656 derebus
788 1590 840 1655 his
862 1588 955 1674 legis,
977 1588 1042 1653 alia
1053 1587 1242 1674 excogitare
1254 1587 1377 1670 volens,

97 1692 370 1780 appropinquabit
400 1715 438 1759 eo
460 1695 554 1760 citius
586 1695 734 1760 interitus
769 1704 852 1778 tuus,
887 1704 919 1759 et
953 1715 1087 1758 necesse
1119 1714 1184 1756 non
1207 1692 1271 1756 erit
1293 1691 1382 1758 illum

30 1866 32 1871 ,
99 1806 214 1885 sponte
237 1796 430 1865 accelerare.
455 1798 557 1865 Serve
578 1799 653 1883 Dei,
677 1800 755 1887 quid
778 1799 819 1864 ad
842 1808 874 1864 te
897 1797 993 1882 bella,
1018 1797 1146 1880 caedes,
1169 1796 1383 1883 captivitates

97 1903 143 1966 mi
159 1900 263 1984 Galle,
286 1900 435 1981 credisne
459 1902 625 1969 Christum
648 1903 743 1969 simul
766 1904 874 1969 Deum
898 1925 980 1986 esse,
1003 1903 1060 1988 qui
1082 1910 1114 1965 te
1135 1902 1341 1966 intuetur'et
1357 1909 1384 1964 te

74 2006 229 2072 tandem
248 2008 349 2075 ‚etiam
367 2007 555 2096 judicabit?
577 2008 705 2074 Durum
731 2007 861 2073 esttibi
883 1996 996 2072 corr'tra
1019 2005 1183 2070 stimulum
1206 2005 1384 2087 calcitrare,

98 2133 163 2177 non
185 2110 282 2177 facile
305 2121 354 2176 est
377 2136 532 2201 superare
554 2123 667 2178 contra
689 2137 724 2178 se
747 2122 794 2178 tot
816 2113 975 2178 bonorum
1007 2112 1175 2177 hominum
1206 2131 1323 2176 voces.
1356 2108 1385 2174 si

98 2218 201 2284 verba
223 2240 296 2283 mea
319 2227 448 2284 secutus
471 2219 571 2282 fueris
606 2218 740 2282 etmihi
763 2217 958 2301 obediveris,
981 2215 1127 2281 laetabor
1142 2213 1382 2279 desratreueo·

50 2395 54 2403 ,
100 2331 186 2406 nato,
220 2322 247 2387 si
280 2345 360 2389 vero
395 2321 572 2389 obduratus
595 2330 628 2386 et
649 2323 801 2409 pertinax
823 2345 867 2405 es,
906 2344 1023 2410 corpus
1045 2332 1136 2386 tuum
1159 2327 1191 2383 et
1212 2320 1387 2405 onus-ipse

99 2427 262 2515 portabis5
297 2437 330 2493 et
363 2449 424 2514 ego
446 2425 636 2491 excusabor.
680 2427 750 2490 Nec
771 2434 884 2492 tamen'
902 2447 1002 2512 opera
1034 2433 1090 2491 tua
1120 2422 1207 2512 apud
1241 2433 1385 2510 posteros

101 2554 174 2596 cum
196 2531 281 2598 dono
305 2541 338 2597 et
361 2534 466 2618 gratia
476 2532 541 2596 Dei
557 2529 712 2595 reticebo
733 2530 826 2595 Deus
842 2531 990 2595 immutet
1005 2540 1037 2596 et
1049 2536 1265 2596 convertat-te
1277 2526 1380 2608 brevi3

74 2668 77 2673 ·
99 2635 216 2701 Amen.
239 2636 362 2701 Datum
384 2635 655 2721 Wittembergae,
678 2634 731 2699 die
753 2635 928 2700 Dominica
957 2644 1031 2723 post
1058 2635 1145 2700 diem
1167 2634 1272 2698 sancti
1308 2632 1386 2698 Mn-

84 2739 396 2823 ·tini,ann01524.
1239 2786 1243 2792 ·

825 2843 984 2909 Martinus
1006 2845 1206 2910 Lutherus«
1337 2932 1340 2937 Ι

187 2950 267 3017 Ideo
290 2960 398 3016 autem
420 2950 555 3017 Lutheri
577 2951 688 3017 literas
713 2953 810 3017 etiam
833 2950 887 3014 hic
909 2951 1074 3033 annotavi,
1107 2960 1144 3014 ut
1163 2947 1389 3014 fundamenta·

103 3057 177 3123 liter
197 3058 383 3123 innoteseat
403 3057 530 3122 indoles
552 3057 648 3145 hujus
663 3056 760 3140 Galli,
785 3065 816 3120 et
837 3064 874 3120 ut
896 3055 1118 3142 perpendatur
1138 3055 1255 3121 futuris
1268 3067 1390 3147 tempo·

101 3160 202 3246 ribus,
225 3161 388 3228 bonumne
411 3173 467 3226 aut
488 3161 609 3229 malum
633 3164 685 3238 sit,
708 3161 796 3247 quod
818 3183 877 3247 per
897 3159 979 3224 tales
1001 3160 1088 3225 fores
1109 3162 1279 3245 ingressus
1296 3161 1394 3228 fucrit

32 3265 56 3360 ,¹
102 3266 416 3333 administrationem
428 3276 529 3330 status
542 3265 702 3331 clericalis
715 3267 751 3331 in
762 3266 930 3331 Bohemia.
956 3265 1044 3330 Dum
1060 3287 1137 3350 ergo
1152 3264 1395 3351 Wittemberga

102 3372 349 3437 in-Bohemiam
371 3394 522 3437 reversus
544 3372 668 3453 suisset,
701 3380 771 3436 tum
799 3380 924 3435 mortuo
956 3392 1149 3457 praegresso
1181 3369 1394 3436 administra·

103 3484 173 3540 tore
215 3478 372 3561 magistro
406 3475 602 3543 Wenceslao
637 3459 810 3540 Sismanclr
847 3473 945 3557 dicto,
987 3473 1109 3538 electus
1137 3473 1199 3539 fuit
1225 3475 1260 3538 in
1290 3474 1394 3540 admi-

103 3579 309 3645 nistratorem
331 3589 477 3667 tempore
498 3583 623 3648 aestivo
646 3601 731 3646 anno
753 3580 971 3669 praecedente
993 3577 1086 3643 1523.
1111 3577 1200 3643 Inter
1211 3578 1294 3643 haec
1312 3589 1394 3644 tem·

105 3705 185 3771 pora
208 3692 315 3748 autem
337 3685 371 3748 in
394 3684 540 3772 qualibet
562 3687 664 3751 ferme
688 3688 845 3752 concione
868 3686 1046 3751 Romanam
1070 3683 1181 3750 sedem
1203 3683 1311 3748 fronte
1341 3684 1394 3748 de·

74 3836 78 3841 .
101 3788 207 3875 jieere
228 3789 341 3873 voluit,
365 3797 398 3854 et
418 3812 537 3878 papam
562 3793 668 3881 capite
691 3800 810 3856 terram
832 3814 956 3866 versus,
988 3789 1126 3876 pedibus
1150 3789 1267 3852 erectis
1289 3789 1327 3852 in
1349 3787 1395 3852 al·

104 3900 174 3956 tum
197 3892 366 3977 collocare,
389 3894 573 3965 cavillando
596 3906 629 3962 et
651 3897 891 3962 contemnendo
914 3897 956 3961 de
978 3895 1034 3961 illo
1051 3895 1176 3961 locutus
1193 3893 1255 3958 fuit
1277 3901 1311 3957 et
1336 3914 1395 3980 po-

75 4044 79 4049 -
105 3995 218 4084 pulum
239 3996 438 4082 adhortatus,
462 4008 498 4064 ut
518 4022 578 4088 pro
601 3999 719 4066 devoto
737 4009 768 4066 et
792 4009 903 4065 sancto
926 3999 1058 4065 doctore
1072 3996 1239 4063 sacerdote
1251 3997 1394 4062 Martino

106 4100 249 4171 Luthero
261 4102 440 4170 Dominum
451 4104 560 4171 Deum
583 4114 728 4190 exorent,
751 4115 788 4170 ut
808 4108 843 4170 in
865 4107 928 4170 hoc
949 4105 1035 4177 bono
1052 4105 1182 4189 incepto
1194 4108 1394 4188 perseveret,

106 4206 199 4272 Deus
221 4209 319 4273 etiam
341 4218 379 4274 ut
398 4209 447 4274 illi
468 4211 651 4296 profectum
681 4210 812 4292 tribuat,
836 4209 961 4274 addens
992 4207 1079 4295 quod
1106 4205 1261 4271 Bohemis
1291 4203 1395 4269 multa

108 4308 193 4376 bona
215 4314 421 4398 praestiterit,
444 4313 506 4399 hoe
527 4314 615 4379 bono
640 4323 672 4379 et
693 4321 805 4378 sancto
828 4335 936 4399 opere,
960 4311 1047 4399 quod
1059 4311 1239 4378 Germanos
1252 4310 1393 4374 circum·

109 4415 234 4479 vicinos
269 4417 304 4480 in
336 4417 485 4481 notitiam
519 4417 602 4502 legis
635 4417 767 4483 divinae
802 4426 834 4480 et
855 4418 1001 4481 veritatis
1035 4417 1105 4504 ejus
1136 4414 1330 4502 perduxerit
1364 4421 1395 4479 et

23 4608 26 4612 .
110 4539 183 4583 cum
200 4518 359 4585 Bohemis
381 4518 558 4585 concordes
581 4522 736 4588 effecerit.
759 4558 802 4570 -—
824 4521 888 4586 Hic
899 4521 1040 4608 denique
1055 4522 1171 4584 iterum
1187 4520 1222 4584 iu
1235 4541 1270 4584 se
1287 4519 1397 4606 ipsum

109 4618 282 4686 falsitatem
304 4644 378 4687 cum
392 4623 564 4689 mendacio
577 4625 718 4709 induxit,
740 4648 865 4714 ponens
880 4628 1040 4692 rationem
1062 4612 1270 4706 antedictam,
1294 4643 1396 4708 quare

107 4721 703 4816 apudLutherumperscvsraverit3
725 4753 802 4797 nam
824 4731 927 4796 sires
950 4752 986 4796 se
1018 4730 1066 4795 ita
1095 4726 1241 4811 haberet,
1273 4726 1310 4793 in
1340 4725 1399 4792 illo
