2948 5040
1264 168 1330 243 W!

39 346 168 429 partem
191 349 264 429 post
284 362 320 407 se
342 339 512 408 destruere
536 342 646 430 jussit,
681 350 713 409 et
742 341 821 408 dum
848 338 981 408 undem
1004 339 1136 430 quidam
1169 339 1277 420 adbuc
1295 341 1341 411 de

41 447 191 511 exercitu
217 446 306 513 illius
328 448 467 512 transire
503 446 692 531 voluissent,
709 446 886 513 submersi
920 446 1050 514 fuerunt
1081 447 1210 514 circiter
1242 446 1343 536 quad·

39 551 196 636 ringenti.
239 549 383 640 Populus
417 573 495 616 vero
529 552 768 619 communitatis
802 553 873 641 ejus
907 562 940 619 et
972 551 1086 619 rustici
1116 550 1159 620 ab
1193 554 1340 621 exercitu

40 654 164 722 deinde
185 654 392 742 diffugerunt,
416 663 448 722 et
470 657 526 746 qui
547 656 654 724 adhuc
685 667 933 746 permanserunt
956 659 1157 748 superstites,
1178 656 1238 724 hos
1259 658 1345 746 regii

44 761 237 829 occiderunt
268 771 300 828 et
322 760 480 851 quosdam
502 761 648 851 captivos
680 762 905 850 abduxerunt3
939 766 1088 853 quamvis
1121 767 1221 834 etiam
1250 768 1343 854 regio

40 868 205 934 exercitui
227 888 271 933 ex
292 866 427 933 castello
449 889 470 932 a
491 867 659 933 tormentis
673 867 924 955 magnadamna
945 869 1036 936 illata
1049 868 1180 950 meant,
1213 879 1246 938 et
1267 870 1346 938 dum

38 972 127 1058 regii
150 971 193 1037 de
213 973 455 1060 expugnatione
476 973 575 1038 castri
598 970 734 1051 consilia
754 973 884 1056 inirent,
907 981 976 1039 tum
997 974 1188 1041 admittente
1209 973 1285 1041 Deo
1308 982 1342 1051 et

39 1099 88 1142 ex
109 1075 364 1165 improvidentia
396 1075 563 1147 hominum
592 1077 627 1142 in
659 1074 722 1142 hoc
754 1074 888 1142 castello
917 1076 1044 1144 incensi
1079 1085 1155 1144 sunt
1185 1077 1339 1167 pulveres

39 1181 142 1270 pyrii,
165 1182 279 1247 turrim
300 1179 570 1247 illamdiruenmt
592 1189 626 1246 et
647 1179 815 1248 castellum
830 1179 1056 1268 incenderunt,
1078 1181 1135 1251 ubi
1157 1181 1200 1250 de
1217 1180 1338 1272 populo

39 1286 174 1352 circiter
197 1285 427 1374 quadringenti
448 1285 609 1353 combusti
631 1293 716 1353 sunt.

442 1389 620 1479 Hucusque
642 1389 685 1457 de
705 1390 806 1478 regiis
828 1388 943 1457 literis.

129 1493 277 1561 Tandem
300 1493 539 1561 dieDominioa
560 1495 656 1560 tertia
677 1494 731 1560 die
752 1500 827 1582 post
848 1493 965 1560 festum
981 1491 1136 1560 Omnium
1149 1492 1342 1563 Sanctorum

38 1597 187 1686 (3.Nov.)
201 1621 262 1665 rex
273 1597 622 1665 PerdinandusBudae
633 1598 790 1684 etregina
810 1599 882 1687 ejus
894 1597 1090 1665 conthoralis
1106 1601 1256 1688 sequenti
1277 1600 1341 1687 die,

36 1706 76 1769 in
96 1725 209 1790 regem
230 1703 420 1790 Hungariae
442 1709 614 1770 coronatus
634 1701 705 1785 fuit,
728 1709 761 1768 et
781 1724 840 1790 pro
863 1702 1006 1790 perfecto
1036 1703 1168 1772 domino
1200 1714 1233 1774 et
1262 1728 1342 1794 rege

38 1806 138 1896 hujus
160 1809 255 1895 regni
276 1821 470 1896 assumptus,
493 1807 640 1896 adeoque
666 1806 812 1873 Joannes
833 1805 1018 1896 Stephanus
1049 1811 1158 1877 amisit
1178 1818 1247 1878 tum
1268 1833 1341 1899 reg·

38 1935 120 1979 num
140 1912 341 1999 Hungariae,
380 1922 449 1979 tum
469 1910 624 1978 ducatum
645 1911 906 2000 Transylvaniaa
938 1935 1012 1980 oum
1039 1936 1159 2002 magno
1181 1913 1341 2005 despectu

39 2029 75 2084 ct
96 2017 241 2100 levitate,
275 2025 386 2084 nostro
409 2018 538 2084 sacculo
562 2016 770 2101 inconsuetis,
809 2025 842 2083 et
861 2015 940 2083 dum
957 2040 1005 2086 ex
1026 2040 1128 2105 regno
1150 2018 1341 2107 Hungariae

36 2123 155 2212 pulsus
176 2122 301 2207 fuisset,
323 2122 408 2210 firgit
428 2142 511 2187 cum*
525 2120 719 2209 quibusdam
742 2122 810 2187 suis
832 2121 875 2188 ad
896 2144 1034 2209 regnum
1043 2123 1207 2190 Poloniae.
1233 2122 1335 2210 Sigis-

37 2226 182 2294 mundus
205 2227 291 2295 enim
312 2249 374 2294 rex
394 2227 550 2295 Poloniae
572 2226 678 2294 eidem
700 2225 841 2311 favebat,
873 2226 950 2312 quia
979 2235 1056 2294 ante
1077 2228 1137 2295 has
1159 2227 1340 2317 discordias

41 2352 188 2399 sororem
209 2333 279 2422 ejus
312 2332 449 2400 Joannis
472 2331 630 2422 Stephani
663 2332 699 2398 in
730 2353 867 2399 uxorem
889 2330 1013 2419 habuit,
1044 2332 1192 2423 adeoque
1224 2332 1340 2401 affines

42 2434 183 2506 fuerunt

129 2540 216 2609 Scito
240 2551 357 2627 antem,
380 2542 468 2628 quod
489 2563 602 2630 regem
623 2539 868 2610 Ferdinandum
898 2539 996 2609 valde
1016 2541 1154 2610 multum
1175 2540 1341 2632 adjuverit

39 2646 85 2713 ad
108 2647 362 2736 expugnandum
384 2669 522 2735 regnum
543 2649 734 2736 Hungariae
756 2647 917 2714 dissensio
938 2647 1181 2736 Hungarorum,
1204 2649 1281 2737 quia
1302 2648 1340 2715 in

35 2752 92 2819 his
114 2754 200 2819 inter
222 2775 257 2819 se
280 2752 375 2821 valde
404 2751 571 2819 discordes
593 2754 737 2840 fuerant;
761 2752 892 2842 quidam
925 2754 1012 2820 euim
1034 2752 1262 2821 adhaerebant
1282 2751 1339 2819 Jo-

35 2858 120 2924 anni
142 2856 316 2946 Stephano,
348 2859 405 2945 qui
426 2855 515 2922 hunc
547 2857 590 2924 ad
623 2860 751 2946 regium
772 2858 963 2946 Hungariae
996 2857 1148 2926 thronum
1181 2858 1338 2949 adjuvare

37 2962 232 3048 voluerunt3
267 2962 325 3029 alii
346 2983 425 3030 vero
449 2961 670 3030 adhaerebant
701 2964 773 3051 regi
793 2963 973 3030 Bohemiae
993 2961 1214 3049 Fardinando,
1244 2961 1339 3029 adeo·

38 3089 104 3156 que
127 3066 235 3134 facilis
264 3068 328 3134 fuit
359 3089 511 3133 accessus
541 3067 585 3134 ad
618 3066 830 3135 obtinendum
862 3089 1001 3154 regnum
1034 3067 1107 3153 hoc,
1141 3066 1218 3134 dum
1247 3065 1341 3133 ilium

36 3173 138 3261 pauci
159 3173 282 3238 inimici
305 3170 554 3260 impediverunt,
590 3181 623 3238 et
645 3173 701 3259 qui
722 3173 876 3240 resistere
897 3170 947 3239 illi
969 3171 1142 3238 voluerunt
1174 3180 1208 3239 et
1227 3180 1341 3260 poten·

36 3280 106 3344 tiae
128 3279 209 3366 ejus,
230 3279 265 3344 hi
286 3276 369 3342 nihil
385 3276 569 3344 effecerunt
592 3275 660 3343 Vix
682 3277 769 3344 enim
792 3298 829 3343 se
850 3275 1027 3343 defendere
1048 3277 1250 3363 inceperunt,
1268 3276 1341 3365 jam

38 3405 77 3450 se
100 3383 241 3450 subdere
265 3381 368 3449 eoacti
390 3379 530 3464 fuerunt,
554 3390 587 3448 et
608 3403 764 3471 cumpro
788 3404 846 3449 sno
869 3380 1001 3447 domino
1015 3403 1195 3470 agnoscere
1211 3389 1244 3448 et
1266 3389 1340 3447 sus·

37 3488 161 3574 cipere.
204 3487 278 3553 Hoc
299 3488 409 3574 itaque
431 3484 553 3551 bellum
576 3487 647 3554 sine
668 3485 806 3556 notabili
836 3485 1027 3576 profusione
1050 3487 1219 3577 sauguinis
1241 3480 1338 3554 modo

34 3593 109 3683 jam
132 3593 318 3683 supradicto
344 3591 552 3658 terminatum
573 3593 644 3662 fuit.

577 3779 724 3850 oarur
748 3779 799 3850 15.
890 3730 919 3765 ³

37 3947 78 4010 In
103 3965 161 4024 quo
184 3947 375 4022 describitur,
412 3947 513 4025 qualia
549 3953 621 4006 tunc
642 3945 785 4024 temporis
816 3941 964 4017 miracula
984 3962 1018 4004 se
1039 3944 1142 4005 multis
1163 3944 1337 4008 hominihus

39 4035 240 4096 exhibuerint.
287 4036 424 4094 Tandem
455 4035 534 4110 quod
566 4054 622 4094 rex
643 4030 856 4092 Fordinandus
889 4031 1071 4093 officialibus
1099 4032 1192 4112 regiis
1214 4035 1337 4095 manda·

37 4122 127 4196 verit,
149 4129 184 4182 ut
207 4123 450 4201 compositionem
473 4122 661 4183 amicabilem
684 4119 764 4179 inter
785 4120 935 4198 relegatos
959 4127 989 4179 et
1009 4120 1179 4199 Pragenses
1196 4119 1338 4196 efficiant,

38 4211 120 4287 quod
143 4219 242 4270 tamen
266 4212 305 4269 ad
329 4209 466 4270 effectum
499 4230 585 4270 suum
608 4228 670 4268 non
692 4207 841 4287 pervenit.
864 4208 1037 4286 Pragenses
1061 4207 1194 4268 enimin
1216 4209 1338 4270 suain·

36 4297 170 4358 tentione
192 4306 469 4376 perseveraverunt.
494 4300 572 4357 Item
594 4295 743 4371 quomodo
763 4313 819 4353 rex
834 4291 866 4352 in
889 4295 938 4354 die
959 4313 1069 4355 coenae
1090 4291 1217 4356 Domini
1239 4297 1334 4357 devo-

36 4386 154 4447 tionem
177 4405 262 4445 suam
298 4384 437 4463 religiose
471 4383 632 4464 peregerit,
668 4380 853 4461 pauperibus
875 4383 968 4461 pedes
992 4380 1110 4456 laverit,
1132 4383 1257 4463 ipseque
1279 4382 1336 4444 eis·

278 4472 345 4530 dem
368 4480 502 4549 tempore
524 4470 647 4551 prandii
670 4471 709 4530 ad
731 4486 865 4529 mensam
894 4469 1096 4551 inseryiverit.

120 4626 199 4692 Post
219 4623 279 4690 has
301 4623 480 4689 discordias
501 4622 623 4689 factum
645 4621 706 4688 fuit
727 4620 781 4687 die
802 4617 907 4706 Jovis,
921 4620 975 4688 die
987 4641 1106 4709 nempe
1116 4616 1333 4709 praecedente

32 4736 154 4806 festum
164 4733 198 4804 S.
211 4733 354 4825 Orispini
365 4730 537 4822 ratast),
545 4730 632 4823 quod
642 4727 791 4821 pluribus
801 4727 1190 4899 hominibusindipqqsis
1197 4724 1286 4794 iocis
1306 4731 1349 4789 et
