<?xml version="1.0" encoding="UTF-8"?>
<!DOCTYPE html PUBLIC "-//W3C//DTD XHTML 1.0 Transitional//EN"
    "http://www.w3.org/TR/xhtml1/DTD/xhtml1-transitional.dtd">
<html xmlns="http://www.w3.org/1999/xhtml" xml:lang="en" lang="en">
 <head>
  <title>
</title>
<meta http-equiv="Content-Type" content="text/html;charset=utf-8" />
  <meta name='ocr-system' content='tesseract 3.04.00' />
  <meta name='ocr-capabilities' content='ocr_page ocr_carea ocr_par ocr_line ocrx_word'/>
</head>
<body>
  <div class='ocr_page' id='page_1' title='image "./desbartholomusv00bartgoog_0233.png"; bbox 0 0 2880 5070; ppageno 0'>
   <div class='ocr_carea' id='block_1_1' title="bbox 60 102 208 205">
    <p class='ocr_par' dir='ltr' id='par_1_1' title="bbox 60 102 208 205">
     <span class='ocr_line' id='line_1_1' title="bbox 60 102 208 205; baseline 0.014 -2"><span class='ocrx_word' id='word_1_1' title='bbox 60 102 63 109; x_wconf 79' lang='grc'><strong>’</strong></span> <span class='ocrx_word' id='word_1_2' title='bbox 131 134 208 205; x_wconf 81' lang='lat' dir='ltr'><strong>aro</strong></span> 
     </span>
    </p>
   </div>
   <div class='ocr_carea' id='block_1_2' title="bbox 126 290 1430 610">
    <p class='ocr_par' dir='ltr' id='par_1_2' title="bbox 126 290 1430 610">
     <span class='ocr_line' id='line_1_2' title="bbox 126 290 1399 393; baseline 0.001 -18"><span class='ocrx_word' id='word_1_3' title='bbox 126 309 265 376; x_wconf 83' lang='lat' dir='ltr'><strong>authors</strong></span> <span class='ocrx_word' id='word_1_4' title='bbox 286 310 479 375; x_wconf 81' lang='lat' dir='ltr'><strong>incarcerati</strong></span> <span class='ocrx_word' id='word_1_5' title='bbox 500 309 630 389; x_wconf 88' lang='lat' dir='ltr'><strong>fuerint,</strong></span> <span class='ocrx_word' id='word_1_6' title='bbox 667 315 699 370; x_wconf 94' lang='lat' dir='ltr'><strong>et</strong></span> <span class='ocrx_word' id='word_1_7' title='bbox 721 307 796 374; x_wconf 91' lang='lat' dir='ltr'><strong>dum</strong></span> <span class='ocrx_word' id='word_1_8' title='bbox 819 309 855 372; x_wconf 91' lang='lat' dir='ltr'><strong>in</strong></span> <span class='ocrx_word' id='word_1_9' title='bbox 875 290 1076 393; x_wconf 81' lang='lat' dir='ltr'><strong>consistorio,</strong></span> <span class='ocrx_word' id='word_1_10' title='bbox 1111 316 1247 383; x_wconf 71' lang='lat' dir='ltr'><strong>tandem</strong></span> <span class='ocrx_word' id='word_1_11' title='bbox 1277 321 1315 383; x_wconf 82' lang='lat' dir='ltr'><strong>in</strong></span> <span class='ocrx_word' id='word_1_12' title='bbox 1343 322 1399 387; x_wconf 65' lang='lat' dir='ltr'><strong>cufi</strong></span> 
     </span>
     <span class='ocr_line' id='line_1_3' title="bbox 131 410 1430 515; baseline 0.007 -36"><span class='ocrx_word' id='word_1_13' title='bbox 131 414 221 481; x_wconf 82' lang='lat' dir='ltr'><strong>nitati</strong></span> <span class='ocrx_word' id='word_1_14' title='bbox 244 412 325 480; x_wconf 86' lang='lat' dir='ltr'><strong>haec</strong></span> <span class='ocrx_word' id='word_1_15' title='bbox 347 435 444 499; x_wconf 85' lang='lat' dir='ltr'><strong>agere</strong></span> <span class='ocrx_word' id='word_1_16' title='bbox 464 413 647 494; x_wconf 77' lang='lat' dir='ltr'><strong>noluerunt,</strong></span> <span class='ocrx_word' id='word_1_17' title='bbox 671 432 757 497; x_wconf 88' lang='lat' dir='ltr'><strong>quae</strong></span> <span class='ocrx_word' id='word_1_18' title='bbox 778 410 905 477; x_wconf 87' lang='lat' dir='ltr'><strong>abillis</strong></span> <span class='ocrx_word' id='word_1_19' title='bbox 928 412 1224 504; x_wconf 78' lang='lat' dir='ltr'><strong>desiderabantur,</strong></span> <span class='ocrx_word' id='word_1_20' title='bbox 1256 429 1333 487; x_wconf 83' lang='lat' dir='ltr'><strong>tuno</strong></span> <span class='ocrx_word' id='word_1_21' title='bbox 1351 420 1400 489; x_wconf 77' lang='lat' dir='ltr'><strong>Pa</strong></span> <span class='ocrx_word' id='word_1_22' title='bbox 1426 476 1430 515; x_wconf 42' lang='grc' dir='ltr'><strong><em>ε</em></strong></span> 
     </span>
     <span class='ocr_line' id='line_1_4' title="bbox 132 516 1278 610; baseline 0.003 -25"><span class='ocrx_word' id='word_1_23' title='bbox 132 539 251 605; x_wconf 88' lang='lat' dir='ltr'><strong>genses</strong></span> <span class='ocrx_word' id='word_1_24' title='bbox 271 516 353 583; x_wconf 88' lang='lat' dir='ltr'><strong>illud</strong></span> <span class='ocrx_word' id='word_1_25' title='bbox 374 516 574 605; x_wconf 83' lang='lat' dir='ltr'><strong>reliquenmt</strong></span> <span class='ocrx_word' id='word_1_26' title='bbox 595 516 866 587; x_wconf 86' lang='lat' dir='ltr'><strong>administratoris</strong></span> <span class='ocrx_word' id='word_1_27' title='bbox 889 531 921 587; x_wconf 93' lang='lat' dir='ltr'><strong>et</strong></span> <span class='ocrx_word' id='word_1_28' title='bbox 944 522 1015 609; x_wconf 87' lang='lat' dir='ltr'><strong>ejus</strong></span> <span class='ocrx_word' id='word_1_29' title='bbox 1037 518 1119 588; x_wconf 87' lang='lat' dir='ltr'><strong>eleri</strong></span> <span class='ocrx_word' id='word_1_30' title='bbox 1135 521 1278 610; x_wconf 80' lang='lat' dir='ltr'><strong>judicio.</strong></span> 
     </span>
    </p>
   </div>
   <div class='ocr_carea' id='block_1_3' title="bbox 673 756 875 829">
    <p class='ocr_par' dir='ltr' id='par_1_3' title="bbox 673 756 875 829">
     <span class='ocr_line' id='line_1_5' title="bbox 673 756 875 829; baseline 0.02 -4"><span class='ocrx_word' id='word_1_31' title='bbox 673 756 823 825; x_wconf 84' lang='lat' dir='ltr'><strong>CAPUT</strong></span> <span class='ocrx_word' id='word_1_32' title='bbox 844 762 875 829; x_wconf 88' lang='grc'><strong>7.</strong></span> 
     </span>
    </p>
   </div>
   <div class='ocr_carea' id='block_1_4' title="bbox 130 948 1430 1363">
    <p class='ocr_par' dir='ltr' id='par_1_4' title="bbox 134 948 1333 1037">
     <span class='ocr_line' id='line_1_6' title="bbox 134 948 1333 1037; baseline 0.006 -26"><span class='ocrx_word' id='word_1_33' title='bbox 134 948 196 1012; x_wconf 87' lang='lat' dir='ltr'><strong>Ubi</strong></span> <span class='ocrx_word' id='word_1_34' title='bbox 218 952 388 1012; x_wconf 86' lang='lat' dir='ltr'><strong>insinuatur</strong></span> <span class='ocrx_word' id='word_1_35' title='bbox 421 953 458 1012; x_wconf 89' lang='lat' dir='ltr'><strong>de</strong></span> <span class='ocrx_word' id='word_1_36' title='bbox 490 953 543 1012; x_wconf 93' lang='lat' dir='ltr'><strong>illo</strong></span> <span class='ocrx_word' id='word_1_37' title='bbox 565 952 691 1014; x_wconf 85' lang='lat' dir='ltr'><strong>Nicolao</strong></span> <span class='ocrx_word' id='word_1_38' title='bbox 713 953 871 1014; x_wconf 78' lang='lat' dir='ltr'><strong>Wietenal</strong></span> <span class='ocrx_word' id='word_1_39' title='bbox 905 965 934 1014; x_wconf 89' lang='lat' dir='ltr'><strong>et</strong></span> <span class='ocrx_word' id='word_1_40' title='bbox 957 953 1047 1015; x_wconf 87' lang='lat' dir='ltr'><strong>Clara</strong></span> <span class='ocrx_word' id='word_1_41' title='bbox 1079 976 1246 1017; x_wconf 77' lang='lat' dir='ltr'><strong>oeconoma</strong></span> <span class='ocrx_word' id='word_1_42' title='bbox 1273 960 1333 1037; x_wconf 79' lang='lat' dir='ltr'><strong>ejus,</strong></span> 
     </span>
    </p>

    <p class='ocr_par' dir='ltr' id='par_1_5' title="bbox 131 1026 1430 1127">
     <span class='ocr_line' id='line_1_7' title="bbox 131 1026 1430 1127; baseline 0.008 -31"><span class='ocrx_word' id='word_1_43' title='bbox 131 1038 165 1099; x_wconf 91' lang='lat' dir='ltr'><strong>in</strong></span> <span class='ocrx_word' id='word_1_44' title='bbox 186 1040 296 1099; x_wconf 85' lang='lat' dir='ltr'><strong>auriam</strong></span> <span class='ocrx_word' id='word_1_45' title='bbox 320 1041 417 1100; x_wconf 86' lang='lat' dir='ltr'><strong>vocati</strong></span> <span class='ocrx_word' id='word_1_46' title='bbox 449 1046 549 1099; x_wconf 87' lang='lat' dir='ltr'><strong>coram</strong></span> <span class='ocrx_word' id='word_1_47' title='bbox 572 1036 707 1099; x_wconf 90' lang='lat' dir='ltr'><strong>omnibus</strong></span> <span class='ocrx_word' id='word_1_48' title='bbox 729 1038 813 1100; x_wconf 78' lang='lat' dir='ltr'><strong>laicis</strong></span> <span class='ocrx_word' id='word_1_49' title='bbox 836 1051 865 1101; x_wconf 94' lang='lat' dir='ltr'><strong>et</strong></span> <span class='ocrx_word' id='word_1_50' title='bbox 888 1039 1015 1117; x_wconf 81' lang='lat' dir='ltr'>clericis,</span> <span class='ocrx_word' id='word_1_51' title='bbox 1037 1045 1070 1102; x_wconf 92' lang='lat' dir='ltr'><strong>in</strong></span> <span class='ocrx_word' id='word_1_52' title='bbox 1093 1064 1208 1121; x_wconf 82' lang='lat' dir='ltr'><strong>magno</strong></span> <span class='ocrx_word' id='word_1_53' title='bbox 1230 1026 1396 1127; x_wconf 53' lang='lat' dir='ltr'><strong>numerob‘</strong></span> <span class='ocrx_word' id='word_1_54' title='bbox 1407 1034 1430 1071; x_wconf 66' lang='lat'><strong>&#39;⁴&#39;</strong></span> 
     </span>
    </p>

    <p class='ocr_par' dir='ltr' id='par_1_6' title="bbox 130 1109 1430 1215">
     <span class='ocr_line' id='line_1_8' title="bbox 130 1109 1430 1215; baseline 0.008 -32"><span class='ocrx_word' id='word_1_55' title='bbox 130 1123 262 1203; x_wconf 84' lang='lat' dir='ltr'><strong>gregatis</strong></span> <span class='ocrx_word' id='word_1_56' title='bbox 285 1124 434 1186; x_wconf 87' lang='lat' dir='ltr'><strong>edixerint</strong></span> <span class='ocrx_word' id='word_1_57' title='bbox 442 1136 477 1186; x_wconf 56' lang='lat' dir='ltr'><strong>¹et</strong></span> <span class='ocrx_word' id='word_1_58' title='bbox 499 1147 587 1204; x_wconf 87' lang='lat' dir='ltr'><strong>quam</strong></span> <span class='ocrx_word' id='word_1_59' title='bbox 608 1129 699 1186; x_wconf 87' lang='lat' dir='ltr'><strong>fidem</strong></span> <span class='ocrx_word' id='word_1_60' title='bbox 712 1126 841 1204; x_wconf 82' lang='lat' dir='ltr'>professi</span> <span class='ocrx_word' id='word_1_61' title='bbox 856 1130 973 1205; x_wconf 83' lang='lat' dir='ltr'><strong>luerint,</strong></span> <span class='ocrx_word' id='word_1_62' title='bbox 995 1131 1047 1189; x_wconf 92' lang='lat' dir='ltr'><strong>ubi</strong></span> <span class='ocrx_word' id='word_1_63' title='bbox 1070 1131 1187 1191; x_wconf 89' lang='lat' dir='ltr'><strong>domini</strong></span> <span class='ocrx_word' id='word_1_64' title='bbox 1198 1132 1284 1191; x_wconf 79' lang='lat' dir='ltr'><strong>Pilati</strong></span> <span class='ocrx_word' id='word_1_65' title='bbox 1298 1109 1430 1215; x_wconf 55' lang='lat'><strong>³03⁷*</strong></span> 
     </span>
    </p>

    <p class='ocr_par' dir='ltr' id='par_1_7' title="bbox 133 1212 1430 1363">
     <span class='ocr_line' id='line_1_9' title="bbox 133 1212 1430 1309; baseline 0.007 -38"><span class='ocrx_word' id='word_1_66' title='bbox 133 1212 219 1289; x_wconf 84' lang='lat' dir='ltr'><strong>alias,</strong></span> <span class='ocrx_word' id='word_1_67' title='bbox 240 1215 374 1292; x_wconf 88' lang='lat' dir='ltr'><strong>aliasque</strong></span> <span class='ocrx_word' id='word_1_68' title='bbox 396 1218 584 1291; x_wconf 77' lang='lat' dir='ltr'><strong>quaestiones</strong></span> <span class='ocrx_word' id='word_1_69' title='bbox 605 1213 664 1272; x_wconf 92' lang='lat' dir='ltr'><strong>illis</strong></span> <span class='ocrx_word' id='word_1_70' title='bbox 694 1225 924 1292; x_wconf 89' lang='lat' dir='ltr'><strong>proposuerunt,</strong></span> <span class='ocrx_word' id='word_1_71' title='bbox 960 1225 990 1275; x_wconf 97' lang='lat' dir='ltr'><strong>et</strong></span> <span class='ocrx_word' id='word_1_72' title='bbox 1011 1218 1089 1293; x_wconf 90' lang='lat' dir='ltr'><strong>quod</strong></span> <span class='ocrx_word' id='word_1_73' title='bbox 1125 1218 1220 1278; x_wconf 86' lang='lat' dir='ltr'><strong>simul</strong></span> <span class='ocrx_word' id='word_1_74' title='bbox 1242 1220 1430 1309; x_wconf 44' lang='lat' dir='ltr'><strong>quidne&amp;</strong></span> 
     </span>
     <span class='ocr_line' id='line_1_10' title="bbox 492 1285 1430 1363; baseline 0.006 -3"><span class='ocrx_word' id='word_1_75' title='bbox 492 1304 595 1361; x_wconf 83' lang='lat' dir='ltr'><strong>cardos</strong></span> <span class='ocrx_word' id='word_1_76' title='bbox 619 1303 744 1360; x_wconf 88' lang='lat' dir='ltr'><strong>eundem</strong></span> <span class='ocrx_word' id='word_1_77' title='bbox 765 1306 843 1362; x_wconf 85' lang='lat' dir='ltr'><strong>male</strong></span> <span class='ocrx_word' id='word_1_78' title='bbox 865 1305 1047 1363; x_wconf 79' lang='lat' dir='ltr'><strong>tractaverit.</strong></span> <span class='ocrx_word' id='word_1_79' title='bbox 1401 1285 1430 1321; x_wconf 44' lang='grc' dir='ltr'><strong><em>ι</em></strong></span> 
     </span>
    </p>
   </div>
   <div class='ocr_carea' id='block_1_5' title="bbox 111 1466 1430 4813">
    <p class='ocr_par' dir='ltr' id='par_1_8' title="bbox 111 1466 1430 4813">
     <span class='ocr_line' id='line_1_11' title="bbox 212 1466 1430 1556; baseline 0.011 -23"><span class='ocrx_word' id='word_1_80' title='bbox 212 1467 302 1533; x_wconf 88' lang='lat' dir='ltr'><strong>Dum</strong></span> <span class='ocrx_word' id='word_1_81' title='bbox 324 1489 402 1554; x_wconf 85' lang='lat' dir='ltr'><strong>ergo</strong></span> <span class='ocrx_word' id='word_1_82' title='bbox 425 1466 564 1555; x_wconf 87' lang='lat' dir='ltr'><strong>quadam</strong></span> <span class='ocrx_word' id='word_1_83' title='bbox 587 1468 640 1534; x_wconf 91' lang='lat' dir='ltr'><strong>die</strong></span> <span class='ocrx_word' id='word_1_84' title='bbox 662 1471 696 1535; x_wconf 93' lang='lat' dir='ltr'><strong>in</strong></span> <span class='ocrx_word' id='word_1_85' title='bbox 719 1470 852 1554; x_wconf 86' lang='lat' dir='ltr'><strong>curiam,</strong></span> <span class='ocrx_word' id='word_1_86' title='bbox 875 1472 910 1536; x_wconf 93' lang='lat' dir='ltr'><strong>in</strong></span> <span class='ocrx_word' id='word_1_87' title='bbox 931 1470 1039 1536; x_wconf 78' lang='lat' dir='ltr'><strong>losum</strong></span> <span class='ocrx_word' id='word_1_88' title='bbox 1062 1493 1123 1538; x_wconf 88' lang='lat' dir='ltr'><strong>seu</strong></span> <span class='ocrx_word' id='word_1_89' title='bbox 1144 1474 1340 1547; x_wconf 75' lang='lat' dir='ltr'><strong>animno</strong></span> <span class='ocrx_word' id='word_1_90' title='bbox 1382 1518 1430 1556; x_wconf 58' lang='grc' dir='ltr'><strong>ῃ</strong></span> 
     </span>
     <span class='ocr_line' id='line_1_12' title="bbox 129 1571 1430 1663; baseline 0.008 -25"><span class='ocrx_word' id='word_1_91' title='bbox 129 1574 241 1639; x_wconf 89' lang='lat' dir='ltr'><strong>nitatis</strong></span> <span class='ocrx_word' id='word_1_92' title='bbox 264 1571 399 1639; x_wconf 85' lang='lat' dir='ltr'><strong>admissi</strong></span> <span class='ocrx_word' id='word_1_93' title='bbox 430 1573 568 1639; x_wconf 90' lang='lat' dir='ltr'><strong>fuissent</strong></span> <span class='ocrx_word' id='word_1_94' title='bbox 589 1575 624 1639; x_wconf 93' lang='lat' dir='ltr'><strong>in</strong></span> <span class='ocrx_word' id='word_1_95' title='bbox 647 1577 832 1662; x_wconf 88' lang='lat' dir='ltr'><strong>praesentia</strong></span> <span class='ocrx_word' id='word_1_96' title='bbox 854 1583 1050 1659; x_wconf 87' lang='lat' dir='ltr'><strong>senatorum,</strong></span> <span class='ocrx_word' id='word_1_97' title='bbox 1085 1579 1250 1663; x_wconf 84' lang='lat' dir='ltr'><strong>seniorum</strong></span> <span class='ocrx_word' id='word_1_98' title='bbox 1265 1598 1334 1647; x_wconf 76' lang='grc' dir='ltr'>ω</span> <span class='ocrx_word' id='word_1_99' title='bbox 1393 1615 1430 1652; x_wconf 69' lang='lat'>1</span> 
     </span>
     <span class='ocr_line' id='line_1_13' title="bbox 127 1676 1371 1767; baseline 0.006 -26"><span class='ocrx_word' id='word_1_100' title='bbox 127 1677 238 1743; x_wconf 86' lang='lat' dir='ltr'><strong>nitatis</strong></span> <span class='ocrx_word' id='word_1_101' title='bbox 261 1686 293 1744; x_wconf 93' lang='lat' dir='ltr'><strong>et</strong></span> <span class='ocrx_word' id='word_1_102' title='bbox 314 1676 584 1744; x_wconf 89' lang='lat' dir='ltr'><strong>administratoris</strong></span> <span class='ocrx_word' id='word_1_103' title='bbox 617 1700 691 1743; x_wconf 87' lang='lat' dir='ltr'><strong>eum</strong></span> <span class='ocrx_word' id='word_1_104' title='bbox 713 1679 861 1767; x_wconf 88' lang='lat' dir='ltr'><strong>ejusdem</strong></span> <span class='ocrx_word' id='word_1_105' title='bbox 883 1681 980 1763; x_wconf 88' lang='lat' dir='ltr'><strong>elero,</strong></span> <span class='ocrx_word' id='word_1_106' title='bbox 1016 1690 1094 1747; x_wconf 87' lang='lat' dir='ltr'><strong>tune</strong></span> <span class='ocrx_word' id='word_1_107' title='bbox 1118 1682 1228 1751; x_wconf 81' lang='lat' dir='ltr'><strong>clerus</strong></span> <span class='ocrx_word' id='word_1_108' title='bbox 1250 1685 1371 1749; x_wconf 68' lang='lat' dir='ltr'><strong>intui</strong></span> 
     </span>
     <span class='ocr_line' id='line_1_14' title="bbox 128 1782 1391 1877; baseline -0.001 -28"><span class='ocrx_word' id='word_1_109' title='bbox 128 1782 263 1850; x_wconf 86' lang='lat' dir='ltr'><strong>Nieolso</strong></span> <span class='ocrx_word' id='word_1_110' title='bbox 285 1785 490 1870; x_wconf 85' lang='lat' dir='ltr'><strong>quaestiones</strong></span> <span class='ocrx_word' id='word_1_111' title='bbox 512 1794 750 1872; x_wconf 88' lang='lat' dir='ltr'><strong>proposuerunt</strong></span> <span class='ocrx_word' id='word_1_112' title='bbox 772 1796 961 1873; x_wconf 87' lang='lat' dir='ltr'><strong>sequentes:</strong></span> <span class='ocrx_word' id='word_1_113' title='bbox 983 1786 1110 1852; x_wconf 71' lang='lat' dir='ltr'><strong>Primos</strong></span> <span class='ocrx_word' id='word_1_114' title='bbox 1145 1788 1225 1877; x_wconf 89' lang='lat' dir='ltr'><strong>quid</strong></span> <span class='ocrx_word' id='word_1_115' title='bbox 1242 1806 1391 1853; x_wconf 72' lang='lat' dir='ltr'><strong>semea</strong></span> 
     </span>
     <span class='ocr_line' id='line_1_15' title="bbox 129 1889 1430 1976; baseline 0.005 -22"><span class='ocrx_word' id='word_1_116' title='bbox 129 1898 329 1954; x_wconf 79' lang='lat' dir='ltr'><strong>sacramento</strong></span> <span class='ocrx_word' id='word_1_117' title='bbox 353 1891 497 1975; x_wconf 85' lang='lat' dir='ltr'><strong>eorporis</strong></span> <span class='ocrx_word' id='word_1_118' title='bbox 522 1898 554 1954; x_wconf 93' lang='lat' dir='ltr'><strong>et</strong></span> <span class='ocrx_word' id='word_1_119' title='bbox 576 1890 745 1975; x_wconf 84' lang='lat' dir='ltr'><strong>sanguinis</strong></span> <span class='ocrx_word' id='word_1_120' title='bbox 757 1889 917 1956; x_wconf 86' lang='lat' dir='ltr'><strong>Domini?</strong></span> <span class='ocrx_word' id='word_1_121' title='bbox 940 1913 982 1956; x_wconf 91' lang='lat' dir='ltr'><strong>an</strong></span> <span class='ocrx_word' id='word_1_122' title='bbox 1005 1892 1129 1976; x_wconf 88' lang='lat' dir='ltr'><strong>eredat,</strong></span> <span class='ocrx_word' id='word_1_123' title='bbox 1153 1893 1209 1960; x_wconf 86' lang='lat' dir='ltr'><strong>hio</strong></span> <span class='ocrx_word' id='word_1_124' title='bbox 1223 1903 1430 1959; x_wconf 62' lang='lat' dir='ltr'><strong>asasonae</strong></span> 
     </span>
     <span class='ocr_line' id='line_1_16' title="bbox 129 1990 1430 2082; baseline -0.001 -22"><span class='ocrx_word' id='word_1_125' title='bbox 129 1991 262 2076; x_wconf 80' lang='lat' dir='ltr'><strong>Christi,</strong></span> <span class='ocrx_word' id='word_1_126' title='bbox 287 1993 373 2082; x_wconf 92' lang='lat' dir='ltr'><strong>quod</strong></span> <span class='ocrx_word' id='word_1_127' title='bbox 397 1995 507 2059; x_wconf 90' lang='lat' dir='ltr'><strong>existit</strong></span> <span class='ocrx_word' id='word_1_128' title='bbox 529 2016 549 2058; x_wconf 90' lang='lat' dir='ltr'><strong>a</strong></span> <span class='ocrx_word' id='word_1_129' title='bbox 571 1993 697 2061; x_wconf 86' lang='lat' dir='ltr'><strong>dextris</strong></span> <span class='ocrx_word' id='word_1_130' title='bbox 720 1994 827 2060; x_wconf 89' lang='lat' dir='ltr'><strong>Patris</strong></span> <span class='ocrx_word' id='word_1_131' title='bbox 852 2008 884 2060; x_wconf 91' lang='lat' dir='ltr'><strong>et</strong></span> <span class='ocrx_word' id='word_1_132' title='bbox 906 2018 972 2061; x_wconf 90' lang='lat' dir='ltr'><strong>non</strong></span> <span class='ocrx_word' id='word_1_133' title='bbox 994 1997 1098 2082; x_wconf 80' lang='lat' dir='ltr'><strong>aliud3</strong></span> <span class='ocrx_word' id='word_1_134' title='bbox 1123 2006 1157 2063; x_wconf 90' lang='lat' dir='ltr'><strong>et</strong></span> <span class='ocrx_word' id='word_1_135' title='bbox 1180 1996 1264 2065; x_wconf 88' lang='lat' dir='ltr'><strong>simul</strong></span> <span class='ocrx_word' id='word_1_136' title='bbox 1319 1990 1430 2059; x_wconf 79' lang='lat'>111¹</span> 
     </span>
     <span class='ocr_line' id='line_1_17' title="bbox 126 2097 1430 2201; baseline 0.002 -36"><span class='ocrx_word' id='word_1_137' title='bbox 126 2097 192 2183; x_wconf 88' lang='lat' dir='ltr'><strong>dat,</strong></span> <span class='ocrx_word' id='word_1_138' title='bbox 204 2131 214 2145; x_wconf 91' lang='lat'><strong>·-</strong></span> <span class='ocrx_word' id='word_1_139' title='bbox 236 2098 290 2165; x_wconf 85' lang='lat' dir='ltr'><strong>hie</strong></span> <span class='ocrx_word' id='word_1_140' title='bbox 336 2120 408 2163; x_wconf 90' lang='lat' dir='ltr'><strong>esse</strong></span> <span class='ocrx_word' id='word_1_141' title='bbox 450 2120 564 2164; x_wconf 89' lang='lat' dir='ltr'><strong>verum</strong></span> <span class='ocrx_word' id='word_1_142' title='bbox 609 2097 786 2182; x_wconf 80' lang='lat' dir='ltr'><strong>Christum,</strong></span> <span class='ocrx_word' id='word_1_143' title='bbox 831 2099 1006 2166; x_wconf 85' lang='lat' dir='ltr'><strong>habentem</strong></span> <span class='ocrx_word' id='word_1_144' title='bbox 1047 2104 1239 2191; x_wconf 85' lang='lat' dir='ltr'><strong>sanguinem</strong></span> <span class='ocrx_word' id='word_1_145' title='bbox 1266 2120 1312 2167; x_wconf 68' lang='lat' dir='ltr'>o</span> <span class='ocrx_word' id='word_1_146' title='bbox 1397 2105 1430 2201; x_wconf 48' lang='lat'><strong>⁰¹</strong></span> 
     </span>
     <span class='ocr_line' id='line_1_18' title="bbox 128 2202 1424 2291; baseline 0.002 -23"><span class='ocrx_word' id='word_1_147' title='bbox 128 2225 232 2289; x_wconf 83' lang='lat' dir='ltr'><strong>mam3</strong></span> <span class='ocrx_word' id='word_1_148' title='bbox 265 2205 312 2269; x_wconf 87' lang='lat' dir='ltr'><strong>ita</strong></span> <span class='ocrx_word' id='word_1_149' title='bbox 345 2204 428 2268; x_wconf 88' lang='lat' dir='ltr'><strong>siout</strong></span> <span class='ocrx_word' id='word_1_150' title='bbox 460 2202 608 2267; x_wconf 89' lang='lat' dir='ltr'><strong>homines</strong></span> <span class='ocrx_word' id='word_1_151' title='bbox 631 2212 777 2268; x_wconf 88' lang='lat' dir='ltr'><strong>errantes</strong></span> <span class='ocrx_word' id='word_1_152' title='bbox 800 2203 843 2269; x_wconf 91' lang='lat' dir='ltr'><strong>ad</strong></span> <span class='ocrx_word' id='word_1_153' title='bbox 864 2205 951 2271; x_wconf 86' lang='lat' dir='ltr'><strong>viam</strong></span> <span class='ocrx_word' id='word_1_154' title='bbox 974 2216 1097 2272; x_wconf 79' lang='lat' dir='ltr'><strong>restam</strong></span> <span class='ocrx_word' id='word_1_155' title='bbox 1121 2206 1282 2291; x_wconf 64' lang='lat' dir='ltr'><strong>redueti,2</strong></span> <span class='ocrx_word' id='word_1_156' title='bbox 1363 2209 1424 2271; x_wconf 66' lang='lat'><strong>2¹</strong></span> 
     </span>
     <span class='ocr_line' id='line_1_19' title="bbox 127 2306 1430 2399; baseline -0.002 -23"><span class='ocrx_word' id='word_1_157' title='bbox 127 2309 254 2376; x_wconf 87' lang='lat' dir='ltr'><strong>bantur.</strong></span> <span class='ocrx_word' id='word_1_158' title='bbox 276 2307 458 2396; x_wconf 87' lang='lat' dir='ltr'><strong>Respondit</strong></span> <span class='ocrx_word' id='word_1_159' title='bbox 481 2307 613 2389; x_wconf 88' lang='lat' dir='ltr'><strong>eisdem,</strong></span> <span class='ocrx_word' id='word_1_160' title='bbox 645 2306 731 2393; x_wconf 91' lang='lat' dir='ltr'><strong>quod</strong></span> <span class='ocrx_word' id='word_1_161' title='bbox 752 2307 799 2372; x_wconf 90' lang='lat' dir='ltr'><strong>ita</strong></span> <span class='ocrx_word' id='word_1_162' title='bbox 820 2330 1026 2396; x_wconf 88' lang='lat' dir='ltr'><strong>nequaquam</strong></span> <span class='ocrx_word' id='word_1_163' title='bbox 1049 2311 1172 2399; x_wconf 87' lang='lat' dir='ltr'><strong>credat,</strong></span> <span class='ocrx_word' id='word_1_164' title='bbox 1195 2307 1430 2379; x_wconf 71' lang='lat' dir='ltr'><strong>diemue=</strong></span> 
     </span>
     <span class='ocr_line' id='line_1_20' title="bbox 124 2400 1430 2503; baseline 0.003 -22"><span class='ocrx_word' id='word_1_165' title='bbox 124 2414 191 2481; x_wconf 83' lang='lat' dir='ltr'><strong>hoe</strong></span> <span class='ocrx_word' id='word_1_166' title='bbox 213 2414 327 2499; x_wconf 85' lang='lat' dir='ltr'><strong>eredo3</strong></span> <span class='ocrx_word' id='word_1_167' title='bbox 353 2414 537 2498; x_wconf 83' lang='lat' dir='ltr'><strong>ubieunque</strong></span> <span class='ocrx_word' id='word_1_168' title='bbox 559 2411 666 2477; x_wconf 88' lang='lat' dir='ltr'><strong>fidelis</strong></span> <span class='ocrx_word' id='word_1_169' title='bbox 690 2412 843 2478; x_wconf 82' lang='lat' dir='ltr'><strong>sacerdos</strong></span> <span class='ocrx_word' id='word_1_170' title='bbox 866 2436 939 2479; x_wconf 85' lang='lat' dir='ltr'><strong>eum</strong></span> <span class='ocrx_word' id='word_1_171' title='bbox 961 2415 1080 2503; x_wconf 91' lang='lat' dir='ltr'><strong>populo</strong></span> <span class='ocrx_word' id='word_1_172' title='bbox 1097 2420 1256 2503; x_wconf 85' lang='lat' dir='ltr'><strong>convenit,</strong></span> <span class='ocrx_word' id='word_1_173' title='bbox 1275 2436 1298 2465; x_wconf 57' lang='lat' dir='ltr'>V</span> <span class='ocrx_word' id='word_1_174' title='bbox 1377 2400 1430 2477; x_wconf 60' lang='lat'><strong>(³</strong></span> 
     </span>
     <span class='ocr_line' id='line_1_21' title="bbox 128 2512 1430 2619; baseline 0.005 -38"><span class='ocrx_word' id='word_1_175' title='bbox 128 2515 195 2582; x_wconf 91' lang='lat' dir='ltr'><strong>Dei</strong></span> <span class='ocrx_word' id='word_1_176' title='bbox 228 2527 261 2583; x_wconf 91' lang='lat' dir='ltr'><strong>et</strong></span> <span class='ocrx_word' id='word_1_177' title='bbox 282 2517 391 2582; x_wconf 88' lang='lat' dir='ltr'><strong>omnia</strong></span> <span class='ocrx_word' id='word_1_178' title='bbox 413 2516 572 2581; x_wconf 82' lang='lat' dir='ltr'><strong>beneficia</strong></span> <span class='ocrx_word' id='word_1_179' title='bbox 594 2516 705 2582; x_wconf 89' lang='lat' dir='ltr'><strong>divina</strong></span> <span class='ocrx_word' id='word_1_180' title='bbox 727 2527 1025 2604; x_wconf 86' lang='lat' dir='ltr'><strong>commemorantes,</strong></span> <span class='ocrx_word' id='word_1_181' title='bbox 1049 2520 1138 2608; x_wconf 88' lang='lat' dir='ltr'><strong>quod</strong></span> <span class='ocrx_word' id='word_1_182' title='bbox 1159 2520 1396 2619; x_wconf 42' lang='lat' dir='ltr'><strong>panisessee</strong></span> <span class='ocrx_word' id='word_1_183' title='bbox 1419 2512 1430 2547; x_wconf 74' lang='lat'><em>²</em></span> 
     </span>
     <span class='ocr_line' id='line_1_22' title="bbox 126 2618 1430 2705; baseline -0.002 -13"><span class='ocrx_word' id='word_1_184' title='bbox 126 2623 309 2692; x_wconf 88' lang='lat' dir='ltr'><strong>testimonio</strong></span> <span class='ocrx_word' id='word_1_185' title='bbox 331 2621 504 2688; x_wconf 89' lang='lat' dir='ltr'><strong>verborum</strong></span> <span class='ocrx_word' id='word_1_186' title='bbox 518 2618 641 2687; x_wconf 88' lang='lat' dir='ltr'><strong>Christi</strong></span> <span class='ocrx_word' id='word_1_187' title='bbox 663 2620 844 2705; x_wconf 84' lang='lat' dir='ltr'><strong>benedicta,</strong></span> <span class='ocrx_word' id='word_1_188' title='bbox 868 2625 933 2688; x_wconf 88' lang='lat' dir='ltr'><strong>sint</strong></span> <span class='ocrx_word' id='word_1_189' title='bbox 956 2645 1035 2689; x_wconf 86' lang='lat' dir='ltr'><strong>vera</strong></span> <span class='ocrx_word' id='word_1_190' title='bbox 1057 2621 1430 2692; x_wconf 49' lang='lat' dir='ltr'><strong>coenanominass</strong></span> 
     </span>
     <span class='ocr_line' id='line_1_23' title="bbox 125 2718 1430 2814; baseline -0.003 -15"><span class='ocrx_word' id='word_1_191' title='bbox 125 2730 239 2799; x_wconf 82' lang='lat' dir='ltr'><strong>fideles</strong></span> <span class='ocrx_word' id='word_1_192' title='bbox 262 2728 430 2814; x_wconf 88' lang='lat' dir='ltr'><strong>sumendo,</strong></span> <span class='ocrx_word' id='word_1_193' title='bbox 453 2730 595 2795; x_wconf 91' lang='lat' dir='ltr'><strong>omnium</strong></span> <span class='ocrx_word' id='word_1_194' title='bbox 618 2730 795 2813; x_wconf 87' lang='lat' dir='ltr'><strong>gratiarum</strong></span> <span class='ocrx_word' id='word_1_195' title='bbox 818 2738 851 2794; x_wconf 92' lang='lat' dir='ltr'><strong>et</strong></span> <span class='ocrx_word' id='word_1_196' title='bbox 872 2728 1030 2794; x_wconf 89' lang='lat' dir='ltr'><strong>donorum</strong></span> <span class='ocrx_word' id='word_1_197' title='bbox 1053 2729 1119 2795; x_wconf 90' lang='lat' dir='ltr'><strong>Dei</strong></span> <span class='ocrx_word' id='word_1_198' title='bbox 1140 2718 1430 2797; x_wconf 64' lang='lat' dir='ltr'><strong>Parmens5</strong></span> 
     </span>
     <span class='ocr_line' id='line_1_24' title="bbox 126 2819 1430 2922; baseline -0.003 -19"><span class='ocrx_word' id='word_1_199' title='bbox 126 2837 193 2903; x_wconf 89' lang='lat' dir='ltr'><strong>ritu</strong></span> <span class='ocrx_word' id='word_1_200' title='bbox 215 2834 333 2902; x_wconf 80' lang='lat' dir='ltr'><strong>Sancto</strong></span> <span class='ocrx_word' id='word_1_201' title='bbox 356 2856 416 2922; x_wconf 90' lang='lat' dir='ltr'><strong>per</strong></span> <span class='ocrx_word' id='word_1_202' title='bbox 439 2833 605 2899; x_wconf 82' lang='lat' dir='ltr'><strong>Christum</strong></span> <span class='ocrx_word' id='word_1_203' title='bbox 627 2833 838 2918; x_wconf 84' lang='lat' dir='ltr'><strong>elargitorum</strong></span> <span class='ocrx_word' id='word_1_204' title='bbox 868 2832 933 2899; x_wconf 90' lang='lat' dir='ltr'><strong>sihi</strong></span> <span class='ocrx_word' id='word_1_205' title='bbox 961 2835 997 2898; x_wconf 91' lang='lat' dir='ltr'><strong>in</strong></span> <span class='ocrx_word' id='word_1_206' title='bbox 1029 2835 1222 2901; x_wconf 80' lang='lat' dir='ltr'><strong>memoriam</strong></span> <span class='ocrx_word' id='word_1_207' title='bbox 1252 2819 1430 2901; x_wconf 45' lang='lat' dir='ltr'><strong>aare</strong></span> 
     </span>
     <span class='ocr_line' id='line_1_25' title="bbox 126 2916 1430 3029; baseline -0.002 -21"><span class='ocrx_word' id='word_1_208' title='bbox 126 2941 256 3008; x_wconf 84' lang='lat' dir='ltr'><strong>atinde</strong></span> <span class='ocrx_word' id='word_1_209' title='bbox 277 2939 366 3029; x_wconf 89' lang='lat' dir='ltr'><strong>quod</strong></span> <span class='ocrx_word' id='word_1_210' title='bbox 396 2938 469 3027; x_wconf 89' lang='lat' dir='ltr'><strong>plus</strong></span> <span class='ocrx_word' id='word_1_211' title='bbox 493 2950 551 3023; x_wconf 90' lang='lat' dir='ltr'><strong>est,</strong></span> <span class='ocrx_word' id='word_1_212' title='bbox 573 2947 687 3004; x_wconf 88' lang='lat' dir='ltr'><strong>notant</strong></span> <span class='ocrx_word' id='word_1_213' title='bbox 709 2937 852 3021; x_wconf 86' lang='lat' dir='ltr'><strong>insimul,</strong></span> <span class='ocrx_word' id='word_1_214' title='bbox 891 2937 979 3026; x_wconf 91' lang='lat' dir='ltr'><strong>quod</strong></span> <span class='ocrx_word' id='word_1_215' title='bbox 1004 2939 1069 3003; x_wconf 88' lang='lat' dir='ltr'><strong>sint</strong></span> <span class='ocrx_word' id='word_1_216' title='bbox 1092 2939 1238 3027; x_wconf 88' lang='lat' dir='ltr'><strong>ejusdem</strong></span> <span class='ocrx_word' id='word_1_217' title='bbox 1266 2916 1430 3005; x_wconf 49' lang='lat' dir='ltr'><strong>fija</strong></span> 
     </span>
     <span class='ocr_line' id='line_1_26' title="bbox 124 3036 1430 3132; baseline -0.003 -19"><span class='ocrx_word' id='word_1_218' title='bbox 124 3046 225 3113; x_wconf 86' lang='lat' dir='ltr'><strong>frater</strong></span> <span class='ocrx_word' id='word_1_219' title='bbox 245 3045 379 3111; x_wconf 86' lang='lat' dir='ltr'><strong>fratrem</strong></span> <span class='ocrx_word' id='word_1_220' title='bbox 401 3066 460 3132; x_wconf 89' lang='lat' dir='ltr'><strong>per</strong></span> <span class='ocrx_word' id='word_1_221' title='bbox 483 3043 545 3108; x_wconf 86' lang='lat' dir='ltr'><strong>hoe</strong></span> <span class='ocrx_word' id='word_1_222' title='bbox 568 3045 756 3127; x_wconf 83' lang='lat' dir='ltr'><strong>convivium</strong></span> <span class='ocrx_word' id='word_1_223' title='bbox 778 3051 942 3129; x_wconf 81' lang='lat' dir='ltr'><strong>agnoscat.</strong></span> <span class='ocrx_word' id='word_1_224' title='bbox 966 3042 1103 3109; x_wconf 80' lang='lat' dir='ltr'><strong>sivero</strong></span> <span class='ocrx_word' id='word_1_225' title='bbox 1132 3040 1381 3111; x_wconf 61' lang='lat' dir='ltr'><strong>seeundufl</strong></span> <span class='ocrx_word' id='word_1_226' title='bbox 1413 3036 1430 3085; x_wconf 57' lang='lat' dir='ltr'><strong>d</strong></span> 
     </span>
     <span class='ocr_line' id='line_1_27' title="bbox 126 3136 1430 3237; baseline -0.007 -19"><span class='ocrx_word' id='word_1_227' title='bbox 126 3174 198 3218; x_wconf 88' lang='lat' dir='ltr'><strong>rum</strong></span> <span class='ocrx_word' id='word_1_228' title='bbox 221 3173 351 3217; x_wconf 86' lang='lat' dir='ltr'><strong>sensum</strong></span> <span class='ocrx_word' id='word_1_229' title='bbox 376 3148 576 3237; x_wconf 84' lang='lat' dir='ltr'><strong>procederet,</strong></span> <span class='ocrx_word' id='word_1_230' title='bbox 614 3146 734 3214; x_wconf 85' lang='lat' dir='ltr'><strong>exinde</strong></span> <span class='ocrx_word' id='word_1_231' title='bbox 756 3146 835 3234; x_wconf 89' lang='lat' dir='ltr'><strong>quid</strong></span> <span class='ocrx_word' id='word_1_232' title='bbox 866 3147 955 3212; x_wconf 89' lang='lat' dir='ltr'><strong>aliud</strong></span> <span class='ocrx_word' id='word_1_233' title='bbox 989 3147 1122 3214; x_wconf 87' lang='lat' dir='ltr'><strong>evenire</strong></span> <span class='ocrx_word' id='word_1_234' title='bbox 1155 3147 1296 3231; x_wconf 80' lang='lat' dir='ltr'><strong>deberet,</strong></span> <span class='ocrx_word' id='word_1_235' title='bbox 1371 3136 1430 3209; x_wconf 60' lang='lat' dir='ltr'>ss</span> 
     </span>
     <span class='ocr_line' id='line_1_28' title="bbox 126 3232 1407 3341; baseline -0.004 -16"><span class='ocrx_word' id='word_1_236' title='bbox 126 3256 276 3325; x_wconf 85' lang='lat' dir='ltr'><strong>Christus</strong></span> <span class='ocrx_word' id='word_1_237' title='bbox 298 3275 464 3341; x_wconf 89' lang='lat' dir='ltr'><strong>nunquam</strong></span> <span class='ocrx_word' id='word_1_238' title='bbox 487 3254 631 3319; x_wconf 83' lang='lat' dir='ltr'><strong>instituit</strong></span> <span class='ocrx_word' id='word_1_239' title='bbox 656 3251 801 3340; x_wconf 89' lang='lat' dir='ltr'><strong>Ideoque</strong></span> <span class='ocrx_word' id='word_1_240' title='bbox 824 3251 911 3341; x_wconf 88' lang='lat' dir='ltr'><strong>quod</strong></span> <span class='ocrx_word' id='word_1_241' title='bbox 926 3261 992 3317; x_wconf 89' lang='lat' dir='ltr'><strong>tres</strong></span> <span class='ocrx_word' id='word_1_242' title='bbox 1008 3252 1232 3339; x_wconf 85' lang='lat' dir='ltr'><strong>evangelistae</strong></span> <span class='ocrx_word' id='word_1_243' title='bbox 1247 3232 1407 3320; x_wconf 67' lang='lat' dir='ltr'><strong>etrffl</strong></span> 
     </span>
     <span class='ocr_line' id='line_1_29' title="bbox 123 3324 1429 3456; baseline -0.008 -26"><span class='ocrx_word' id='word_1_244' title='bbox 123 3362 244 3430; x_wconf 86' lang='lat' dir='ltr'><strong>Paulus</strong></span> <span class='ocrx_word' id='word_1_245' title='bbox 266 3362 307 3428; x_wconf 90' lang='lat' dir='ltr'><strong>de</strong></span> <span class='ocrx_word' id='word_1_246' title='bbox 330 3361 392 3426; x_wconf 88' lang='lat' dir='ltr'><strong>hae</strong></span> <span class='ocrx_word' id='word_1_247' title='bbox 415 3381 517 3425; x_wconf 82' lang='lat' dir='ltr'><strong>coena</strong></span> <span class='ocrx_word' id='word_1_248' title='bbox 528 3358 663 3423; x_wconf 91' lang='lat' dir='ltr'><strong>Domini</strong></span> <span class='ocrx_word' id='word_1_249' title='bbox 684 3366 890 3439; x_wconf 82' lang='lat' dir='ltr'><strong>annotarunt,</strong></span> <span class='ocrx_word' id='word_1_250' title='bbox 913 3356 964 3421; x_wconf 87' lang='lat' dir='ltr'><strong>his</strong></span> <span class='ocrx_word' id='word_1_251' title='bbox 987 3355 1137 3424; x_wconf 87' lang='lat' dir='ltr'><strong>omnibus</strong></span> <span class='ocrx_word' id='word_1_252' title='bbox 1155 3368 1189 3424; x_wconf 89' lang='lat' dir='ltr'><strong>et</strong></span> <span class='ocrx_word' id='word_1_253' title='bbox 1204 3357 1245 3425; x_wconf 90' lang='lat' dir='ltr'><strong>de</strong></span> <span class='ocrx_word' id='word_1_254' title='bbox 1256 3359 1303 3425; x_wconf 88' lang='lat' dir='ltr'><strong>his</strong></span> <span class='ocrx_word' id='word_1_255' title='bbox 1313 3324 1392 3421; x_wconf 54' lang='lat' dir='ltr'><strong>ud</strong></span> <span class='ocrx_word' id='word_1_256' title='bbox 1420 3419 1429 3456; x_wconf 40' lang='grc' dir='ltr'><strong>ξ</strong></span> 
     </span>
     <span class='ocr_line' id='line_1_30' title="bbox 128 3460 1430 3557; baseline -0.004 -23"><span class='ocrx_word' id='word_1_257' title='bbox 128 3467 321 3557; x_wconf 85' lang='lat' dir='ltr'><strong>simpliciter</strong></span> <span class='ocrx_word' id='word_1_258' title='bbox 354 3474 387 3529; x_wconf 91' lang='lat' dir='ltr'><strong>et</strong></span> <span class='ocrx_word' id='word_1_259' title='bbox 409 3466 544 3545; x_wconf 85' lang='lat' dir='ltr'><strong>sineere,</strong></span> <span class='ocrx_word' id='word_1_260' title='bbox 567 3461 648 3528; x_wconf 92' lang='lat' dir='ltr'><strong>nulli</strong></span> <span class='ocrx_word' id='word_1_261' title='bbox 669 3462 930 3549; x_wconf 85' lang='lat' dir='ltr'><strong>praerogativam</strong></span> <span class='ocrx_word' id='word_1_262' title='bbox 953 3463 986 3526; x_wconf 91' lang='lat' dir='ltr'><strong>in</strong></span> <span class='ocrx_word' id='word_1_263' title='bbox 1008 3460 1060 3527; x_wconf 92' lang='lat' dir='ltr'><strong>his</strong></span> <span class='ocrx_word' id='word_1_264' title='bbox 1076 3462 1272 3550; x_wconf 81' lang='lat' dir='ltr'><strong>admittens3</strong></span> <span class='ocrx_word' id='word_1_265' title='bbox 1292 3462 1378 3537; x_wconf 62' lang='grc' dir='ltr'><strong>Μ’</strong></span> <span class='ocrx_word' id='word_1_266' title='bbox 1413 3506 1430 3547; x_wconf 47' lang='lat'><strong>23.</strong></span> 
     </span>
     <span class='ocr_line' id='line_1_31' title="bbox 125 3560 1430 3650; baseline -0.003 -11"><span class='ocrx_word' id='word_1_267' title='bbox 125 3573 272 3639; x_wconf 85' lang='lat' dir='ltr'><strong>eonfiteri</strong></span> <span class='ocrx_word' id='word_1_268' title='bbox 294 3569 449 3636; x_wconf 90' lang='lat' dir='ltr'><strong>deberem</strong></span> <span class='ocrx_word' id='word_1_269' title='bbox 471 3568 524 3633; x_wconf 87' lang='lat' dir='ltr'><strong>hie</strong></span> <span class='ocrx_word' id='word_1_270' title='bbox 560 3589 632 3633; x_wconf 88' lang='lat' dir='ltr'><strong>esse</strong></span> <span class='ocrx_word' id='word_1_271' title='bbox 656 3565 831 3649; x_wconf 87' lang='lat' dir='ltr'><strong>Christum,</strong></span> <span class='ocrx_word' id='word_1_272' title='bbox 855 3566 951 3650; x_wconf 88' lang='lat' dir='ltr'><strong>longe</strong></span> <span class='ocrx_word' id='word_1_273' title='bbox 985 3565 1072 3631; x_wconf 89' lang='lat' dir='ltr'><strong>absit</strong></span> <span class='ocrx_word' id='word_1_274' title='bbox 1092 3589 1114 3632; x_wconf 88' lang='lat' dir='ltr'><strong>a</strong></span> <span class='ocrx_word' id='word_1_275' title='bbox 1134 3590 1200 3650; x_wconf 88' lang='lat' dir='ltr'><strong>me,</strong></span> <span class='ocrx_word' id='word_1_276' title='bbox 1234 3567 1295 3635; x_wconf 85' lang='lat' dir='ltr'><strong>hoa</strong></span> <span class='ocrx_word' id='word_1_277' title='bbox 1328 3560 1335 3577; x_wconf 85' lang='lat'>&#39;</span> <span class='ocrx_word' id='word_1_278' title='bbox 1408 3580 1430 3641; x_wconf 74' lang='lat' dir='ltr'><strong>si:</strong></span> 
     </span>
     <span class='ocr_line' id='line_1_32' title="bbox 124 3658 1430 3766; baseline 0 -25"><span class='ocrx_word' id='word_1_279' title='bbox 124 3678 205 3743; x_wconf 87' lang='lat' dir='ltr'><strong>mihi</strong></span> <span class='ocrx_word' id='word_1_280' title='bbox 226 3674 366 3766; x_wconf 87' lang='lat' dir='ltr'><strong>probare</strong></span> <span class='ocrx_word' id='word_1_281' title='bbox 387 3697 452 3740; x_wconf 90' lang='lat' dir='ltr'><strong>non</strong></span> <span class='ocrx_word' id='word_1_282' title='bbox 474 3675 620 3761; x_wconf 89' lang='lat' dir='ltr'><strong>potestis.</strong></span> <span class='ocrx_word' id='word_1_283' title='bbox 644 3672 740 3753; x_wconf 75' lang='lat' dir='ltr'><strong>Quod</strong></span> <span class='ocrx_word' id='word_1_284' title='bbox 763 3672 876 3737; x_wconf 86' lang='lat' dir='ltr'><strong>scribit</strong></span> <span class='ocrx_word' id='word_1_285' title='bbox 887 3658 1021 3736; x_wconf 85' lang='lat' dir='ltr'><strong>¹sanetus</strong></span> <span class='ocrx_word' id='word_1_286' title='bbox 1033 3671 1179 3738; x_wconf 88' lang='lat' dir='ltr'><strong>Joannes</strong></span> <span class='ocrx_word' id='word_1_287' title='bbox 1192 3671 1308 3740; x_wconf 88' lang='lat' dir='ltr'><strong>Christi</strong></span> <span class='ocrx_word' id='word_1_288' title='bbox 1422 3679 1430 3741; x_wconf 72' lang='grc' dir='ltr'><em>ἑ</em></span> 
     </span>
     <span class='ocr_line' id='line_1_33' title="bbox 127 3770 1430 3868; baseline -0.002 -22"><span class='ocrx_word' id='word_1_289' title='bbox 127 3781 252 3866; x_wconf 86' lang='lat' dir='ltr'><strong>gelista,</strong></span> <span class='ocrx_word' id='word_1_290' title='bbox 288 3782 344 3868; x_wconf 91' lang='lat' dir='ltr'><strong>qui</strong></span> <span class='ocrx_word' id='word_1_291' title='bbox 375 3779 415 3844; x_wconf 93' lang='lat' dir='ltr'><strong>de</strong></span> <span class='ocrx_word' id='word_1_292' title='bbox 446 3799 548 3843; x_wconf 81' lang='lat' dir='ltr'><strong>coena</strong></span> <span class='ocrx_word' id='word_1_293' title='bbox 577 3776 690 3841; x_wconf 90' lang='lat' dir='ltr'><strong>ultima</strong></span> <span class='ocrx_word' id='word_1_294' title='bbox 710 3776 811 3841; x_wconf 91' lang='lat' dir='ltr'><strong>multo</strong></span> <span class='ocrx_word' id='word_1_295' title='bbox 834 3777 1010 3862; x_wconf 82' lang='lat' dir='ltr'><strong>perfectius</strong></span> <span class='ocrx_word' id='word_1_296' title='bbox 1031 3775 1212 3860; x_wconf 84' lang='lat' dir='ltr'><strong>confirmat,</strong></span> <span class='ocrx_word' id='word_1_297' title='bbox 1252 3770 1354 3866; x_wconf 82' lang='lat' dir='ltr'><strong>quan&#39;</strong></span> <span class='ocrx_word' id='word_1_298' title='bbox 1420 3804 1430 3843; x_wconf 72' lang='lat' dir='ltr'><strong>s</strong></span> 
     </span>
     <span class='ocr_line' id='line_1_34' title="bbox 123 3878 1430 3970; baseline -0.002 -20"><span class='ocrx_word' id='word_1_299' title='bbox 123 3884 189 3950; x_wconf 90' lang='lat' dir='ltr'><strong>imo</strong></span> <span class='ocrx_word' id='word_1_300' title='bbox 212 3885 276 3950; x_wconf 90' lang='lat' dir='ltr'><strong>alia</strong></span> <span class='ocrx_word' id='word_1_301' title='bbox 297 3883 400 3950; x_wconf 83' lang='lat' dir='ltr'><strong>verba</strong></span> <span class='ocrx_word' id='word_1_302' title='bbox 421 3881 554 3970; x_wconf 85' lang='lat' dir='ltr'><strong>profert,</strong></span> <span class='ocrx_word' id='word_1_303' title='bbox 590 3903 686 3968; x_wconf 91' lang='lat' dir='ltr'><strong>quam</strong></span> <span class='ocrx_word' id='word_1_304' title='bbox 708 3880 765 3944; x_wconf 87' lang='lat' dir='ltr'><strong>alii</strong></span> <span class='ocrx_word' id='word_1_305' title='bbox 789 3880 1031 3966; x_wconf 84' lang='lat' dir='ltr'><strong>evangelistae3</strong></span> <span class='ocrx_word' id='word_1_306' title='bbox 1066 3878 1182 3947; x_wconf 82' lang='lat' dir='ltr'><strong>scribit</strong></span> <span class='ocrx_word' id='word_1_307' title='bbox 1203 3885 1298 3965; x_wconf 89' lang='lat' dir='ltr'><strong>enim,</strong></span> <span class='ocrx_word' id='word_1_308' title='bbox 1410 3886 1430 3959; x_wconf 65' lang='lat' dir='ltr'><strong>:i</strong></span> 
     </span>
     <span class='ocr_line' id='line_1_35' title="bbox 126 3984 1415 4073; baseline -0.003 -20"><span class='ocrx_word' id='word_1_309' title='bbox 126 3985 273 4054; x_wconf 88' lang='lat' dir='ltr'><strong>Christus</strong></span> <span class='ocrx_word' id='word_1_310' title='bbox 286 3988 447 4053; x_wconf 89' lang='lat' dir='ltr'><strong>Dominus</strong></span> <span class='ocrx_word' id='word_1_311' title='bbox 471 3986 580 4052; x_wconf 88' lang='lat' dir='ltr'><strong>dicere</strong></span> <span class='ocrx_word' id='word_1_312' title='bbox 605 3984 757 4071; x_wconf 86' lang='lat' dir='ltr'><strong>dignatus</strong></span> <span class='ocrx_word' id='word_1_313' title='bbox 781 3986 837 4049; x_wconf 87' lang='lat' dir='ltr'><strong>sit:</strong></span> <span class='ocrx_word' id='word_1_314' title='bbox 863 4006 979 4070; x_wconf 86' lang='lat' dir='ltr'><strong>eorpus</strong></span> <span class='ocrx_word' id='word_1_315' title='bbox 1002 4005 1110 4049; x_wconf 89' lang='lat' dir='ltr'><strong>meum</strong></span> <span class='ocrx_word' id='word_1_316' title='bbox 1132 4009 1232 4052; x_wconf 86' lang='lat' dir='ltr'><strong>verus</strong></span> <span class='ocrx_word' id='word_1_317' title='bbox 1256 3986 1339 4053; x_wconf 83' lang='lat' dir='ltr'><strong>estei</strong></span> <span class='ocrx_word' id='word_1_318' title='bbox 1407 4064 1415 4073; x_wconf 28' lang='grc' dir='ltr'><strong><em>ι</em></strong></span> 
     </span>
     <span class='ocr_line' id='line_1_36' title="bbox 126 4087 1426 4179; baseline -0.004 -22"><span class='ocrx_word' id='word_1_319' title='bbox 126 4104 199 4176; x_wconf 77' lang='lat' dir='ltr'><strong>ete,</strong></span> <span class='ocrx_word' id='word_1_320' title='bbox 222 4101 254 4157; x_wconf 89' lang='lat' dir='ltr'><strong>et</strong></span> <span class='ocrx_word' id='word_1_321' title='bbox 276 4092 338 4157; x_wconf 87' lang='lat' dir='ltr'><strong>hoe</strong></span> <span class='ocrx_word' id='word_1_322' title='bbox 360 4091 455 4157; x_wconf 88' lang='lat' dir='ltr'><strong>modo</strong></span> <span class='ocrx_word' id='word_1_323' title='bbox 480 4101 529 4156; x_wconf 90' lang='lat' dir='ltr'><strong>est</strong></span> <span class='ocrx_word' id='word_1_324' title='bbox 551 4090 750 4156; x_wconf 82' lang='lat' dir='ltr'><strong>declaratum</strong></span> <span class='ocrx_word' id='word_1_325' title='bbox 781 4099 813 4153; x_wconf 86' lang='lat' dir='ltr'><strong>et</strong></span> <span class='ocrx_word' id='word_1_326' title='bbox 836 4089 891 4153; x_wconf 90' lang='lat' dir='ltr'><strong>alii</strong></span> <span class='ocrx_word' id='word_1_327' title='bbox 915 4087 1137 4173; x_wconf 85' lang='lat' dir='ltr'><strong>evangelistae</strong></span> <span class='ocrx_word' id='word_1_328' title='bbox 1160 4092 1318 4158; x_wconf 86' lang='lat' dir='ltr'><strong>scribunt:</strong></span> <span class='ocrx_word' id='word_1_329' title='bbox 1398 4112 1426 4179; x_wconf 77' lang='lat'><strong>·:‘</strong></span> 
     </span>
     <span class='ocr_line' id='line_1_37' title="bbox 119 4180 1430 4289; baseline -0.003 -28"><span class='ocrx_word' id='word_1_330' title='bbox 119 4204 173 4263; x_wconf 56' lang='lat' dir='ltr'><strong>&gt;est</strong></span> <span class='ocrx_word' id='word_1_331' title='bbox 195 4218 312 4284; x_wconf 85' lang='lat' dir='ltr'><strong>eorpus</strong></span> <span class='ocrx_word' id='word_1_332' title='bbox 340 4219 448 4261; x_wconf 92' lang='lat' dir='ltr'><strong>meum</strong></span> <span class='ocrx_word' id='word_1_333' title='bbox 472 4205 533 4261; x_wconf 85' lang='lat' dir='ltr'><strong>ete.</strong></span> <span class='ocrx_word' id='word_1_334' title='bbox 569 4195 714 4284; x_wconf 89' lang='lat' dir='ltr'><strong>Ideoque</strong></span> <span class='ocrx_word' id='word_1_335' title='bbox 738 4202 825 4259; x_wconf 80' lang='lat' dir='ltr'><strong>certe</strong></span> <span class='ocrx_word' id='word_1_336' title='bbox 849 4180 946 4279; x_wconf 85' lang='lat' dir='ltr'><strong>longe</strong></span> <span class='ocrx_word' id='word_1_337' title='bbox 980 4192 1119 4258; x_wconf 84' lang='lat' dir='ltr'><strong>alienam</strong></span> <span class='ocrx_word' id='word_1_338' title='bbox 1156 4195 1346 4285; x_wconf 85' lang='lat' dir='ltr'><strong>explanation</strong></span> <span class='ocrx_word' id='word_1_339' title='bbox 1420 4278 1430 4289; x_wconf 80' lang='lat'><em>.</em></span> 
     </span>
     <span class='ocr_line' id='line_1_38' title="bbox 123 4297 1430 4393; baseline -0.003 -26"><span class='ocrx_word' id='word_1_340' title='bbox 123 4299 224 4368; x_wconf 86' lang='lat' dir='ltr'><strong>verba</strong></span> <span class='ocrx_word' id='word_1_341' title='bbox 248 4299 371 4366; x_wconf 85' lang='lat' dir='ltr'><strong>Christi</strong></span> <span class='ocrx_word' id='word_1_342' title='bbox 393 4322 452 4387; x_wconf 90' lang='lat' dir='ltr'><strong>per</strong></span> <span class='ocrx_word' id='word_1_343' title='bbox 486 4301 521 4365; x_wconf 84' lang='lat' dir='ltr'><strong>S.</strong></span> <span class='ocrx_word' id='word_1_344' title='bbox 553 4300 715 4366; x_wconf 88' lang='lat' dir='ltr'><strong>Joannem</strong></span> <span class='ocrx_word' id='word_1_345' title='bbox 740 4298 976 4384; x_wconf 86' lang='lat' dir='ltr'><strong>evangelistam</strong></span> <span class='ocrx_word' id='word_1_346' title='bbox 999 4297 1125 4391; x_wconf 29' lang='lat' dir='ltr'><strong>scripta·</strong></span> <span class='ocrx_word' id='word_1_347' title='bbox 1143 4301 1267 4369; x_wconf 88' lang='lat' dir='ltr'><strong>habere</strong></span> <span class='ocrx_word' id='word_1_348' title='bbox 1287 4300 1321 4365; x_wconf 89' lang='lat' dir='ltr'><strong>de</strong></span> <span class='ocrx_word' id='word_1_349' title='bbox 1401 4352 1430 4393; x_wconf 46' lang='lat'><strong>5,</strong></span> 
     </span>
     <span class='ocr_line' id='line_1_39' title="bbox 121 4394 1420 4505; baseline -0.002 -33"><span class='ocrx_word' id='word_1_350' title='bbox 121 4407 198 4495; x_wconf 91' lang='lat' dir='ltr'><strong>quia</strong></span> <span class='ocrx_word' id='word_1_351' title='bbox 230 4416 376 4493; x_wconf 90' lang='lat' dir='ltr'><strong>tempore</strong></span> <span class='ocrx_word' id='word_1_352' title='bbox 409 4414 442 4468; x_wconf 89' lang='lat' dir='ltr'><strong>et</strong></span> <span class='ocrx_word' id='word_1_353' title='bbox 462 4403 534 4468; x_wconf 85' lang='lat' dir='ltr'><strong>loeo</strong></span> <span class='ocrx_word' id='word_1_354' title='bbox 568 4404 631 4469; x_wconf 91' lang='lat' dir='ltr'><strong>alio</strong></span> <span class='ocrx_word' id='word_1_355' title='bbox 655 4413 687 4470; x_wconf 90' lang='lat' dir='ltr'><strong>et</strong></span> <span class='ocrx_word' id='word_1_356' title='bbox 708 4403 781 4468; x_wconf 90' lang='lat' dir='ltr'><strong>aliis</strong></span> <span class='ocrx_word' id='word_1_357' title='bbox 806 4403 914 4468; x_wconf 89' lang='lat' dir='ltr'><strong>verbis</strong></span> <span class='ocrx_word' id='word_1_358' title='bbox 938 4403 1065 4491; x_wconf 87' lang='lat' dir='ltr'><strong>prolata</strong></span> <span class='ocrx_word' id='word_1_359' title='bbox 1086 4414 1172 4491; x_wconf 88' lang='lat' dir='ltr'><strong>sunt,</strong></span> <span class='ocrx_word' id='word_1_360' title='bbox 1203 4406 1303 4472; x_wconf 88' lang='lat' dir='ltr'><strong>ferme</strong></span> <span class='ocrx_word' id='word_1_361' title='bbox 1348 4398 1355 4415; x_wconf 83' lang='lat'>&#39;</span> <span class='ocrx_word' id='word_1_362' title='bbox 1404 4394 1420 4505; x_wconf 24' lang='lat'><strong>¹,</strong></span> 
     </span>
     <span class='ocr_line' id='line_1_40' title="bbox 121 4507 1430 4596; baseline 0.002 -23"><span class='ocrx_word' id='word_1_363' title='bbox 121 4511 224 4577; x_wconf 91' lang='lat' dir='ltr'><strong>trihus</strong></span> <span class='ocrx_word' id='word_1_364' title='bbox 247 4512 341 4576; x_wconf 90' lang='lat' dir='ltr'><strong>annis</strong></span> <span class='ocrx_word' id='word_1_365' title='bbox 372 4508 467 4573; x_wconf 87' lang='lat' dir='ltr'><strong>eitius</strong></span> <span class='ocrx_word' id='word_1_366' title='bbox 490 4517 565 4574; x_wconf 90' lang='lat' dir='ltr'><strong>ante</strong></span> <span class='ocrx_word' id='word_1_367' title='bbox 588 4531 722 4574; x_wconf 82' lang='lat' dir='ltr'><strong>coenam</strong></span> <span class='ocrx_word' id='word_1_368' title='bbox 745 4507 870 4596; x_wconf 90' lang='lat' dir='ltr'><strong>prolata</strong></span> <span class='ocrx_word' id='word_1_369' title='bbox 893 4517 977 4573; x_wconf 90' lang='lat' dir='ltr'><strong>sunt.</strong></span> <span class='ocrx_word' id='word_1_370' title='bbox 1007 4508 1052 4573; x_wconf 86' lang='lat' dir='ltr'><strong>Et</strong></span> <span class='ocrx_word' id='word_1_371' title='bbox 1073 4512 1100 4577; x_wconf 93' lang='lat' dir='ltr'><strong>si</strong></span> <span class='ocrx_word' id='word_1_372' title='bbox 1122 4509 1186 4577; x_wconf 88' lang='lat' dir='ltr'><strong>hoo</strong></span> <span class='ocrx_word' id='word_1_373' title='bbox 1208 4531 1315 4577; x_wconf 88' lang='lat' dir='ltr'><strong>verum</strong></span> <span class='ocrx_word' id='word_1_374' title='bbox 1404 4514 1430 4585; x_wconf 75' lang='grc'><strong>,’,.</strong></span> 
     </span>
     <span class='ocr_line' id='line_1_41' title="bbox 121 4600 1430 4703; baseline 0 -23"><span class='ocrx_word' id='word_1_375' title='bbox 121 4614 255 4681; x_wconf 84' lang='lat' dir='ltr'><strong>deberet</strong></span> <span class='ocrx_word' id='word_1_376' title='bbox 277 4612 456 4681; x_wconf 82' lang='lat' dir='ltr'><strong>seeundum</strong></span> <span class='ocrx_word' id='word_1_377' title='bbox 479 4623 625 4679; x_wconf 84' lang='lat' dir='ltr'><strong>vestrum</strong></span> <span class='ocrx_word' id='word_1_378' title='bbox 649 4636 790 4698; x_wconf 87' lang='lat' dir='ltr'><strong>sensum,</strong></span> <span class='ocrx_word' id='word_1_379' title='bbox 813 4614 876 4680; x_wconf 87' lang='lat' dir='ltr'><strong>hoo</strong></span> <span class='ocrx_word' id='word_1_380' title='bbox 900 4612 1020 4682; x_wconf 88' lang='lat' dir='ltr'><strong>exinde</strong></span> <span class='ocrx_word' id='word_1_381' title='bbox 1044 4617 1138 4703; x_wconf 89' lang='lat' dir='ltr'><strong>sequi</strong></span> <span class='ocrx_word' id='word_1_382' title='bbox 1161 4614 1301 4697; x_wconf 82' lang='lat' dir='ltr'><strong>deberet,</strong></span> <span class='ocrx_word' id='word_1_383' title='bbox 1376 4668 1379 4673; x_wconf 94' lang='lat'>.</span> <span class='ocrx_word' id='word_1_384' title='bbox 1404 4600 1430 4689; x_wconf 74' lang='grc' dir='ltr'> </span> 
     </span>
     <span class='ocr_line' id='line_1_42' title="bbox 111 4718 1374 4813; baseline 0.002 -26"><span class='ocrx_word' id='word_1_385' title='bbox 111 4721 144 4787; x_wconf 68' lang='lat' dir='ltr'><strong>‘n</strong></span> <span class='ocrx_word' id='word_1_386' title='bbox 169 4744 290 4813; x_wconf 82' lang='lat' dir='ltr'><strong>eorpus</strong></span> <span class='ocrx_word' id='word_1_387' title='bbox 315 4718 442 4790; x_wconf 89' lang='lat' dir='ltr'><strong>Christi</strong></span> <span class='ocrx_word' id='word_1_388' title='bbox 463 4721 499 4789; x_wconf 92' lang='lat' dir='ltr'><strong>in</strong></span> <span class='ocrx_word' id='word_1_389' title='bbox 522 4721 668 4788; x_wconf 87' lang='lat' dir='ltr'><strong>essentia</strong></span> <span class='ocrx_word' id='word_1_390' title='bbox 688 4729 816 4787; x_wconf 80' lang='lat' dir='ltr'><strong>tantum</strong></span> <span class='ocrx_word' id='word_1_391' title='bbox 831 4720 1010 4789; x_wconf 84' lang='lat' dir='ltr'><strong>benedieta</strong></span> <span class='ocrx_word' id='word_1_392' title='bbox 1039 4720 1177 4790; x_wconf 81' lang='lat' dir='ltr'><strong>eredere</strong></span> <span class='ocrx_word' id='word_1_393' title='bbox 1210 4720 1374 4790; x_wconf 70' lang='lat' dir='ltr'><strong>tabenna</strong></span> 
     </span>
    </p>
   </div>
   <div class='ocr_carea' id='block_1_6' title="bbox 0 0 1444 5070">
    <p class='ocr_par' dir='ltr' id='par_1_9' title="bbox 0 0 1444 5070">
     <span class='ocr_line' id='line_1_43' title="bbox 0 0 1444 5070; baseline 0 2"><span class='ocrx_word' id='word_1_394' title='bbox 0 0 1444 5070; x_wconf 95' lang='lat' dir='ltr'><strong> </strong></span> 
     </span>
    </p>
   </div>
  </div>
 </body>
</html>
