2948 5040
132 138 197 208 208
321 132 327 149 ¹

113 312 288 379 ,violentia
306 310 406 378 vultis
427 326 466 377 ao
487 313 633 399 potestis.
666 310 789 379 Scitote
810 319 932 399 brnen,
956 316 1044 405 quod
1064 316 1159 388 Deua
1182 318 1288 389 Vobis
1311 317 1426 407 guber·

132 415 296 483 nationem
319 413 433 503 populi
454 420 487 480 et
504 437 600 482 omne
628 417 774 505 regimen
804 416 986 486 indebitum
1010 430 1044 488 et
1063 424 1222 514 injustum
1242 422 1368 491 adimet
1389 444 1432 489 ex

132 519 283 587 manibus
297 519 433 593 Vestris,
456 518 550 586 Haec
570 520 658 585 enim
679 520 759 587 fient
778 520 847 587 sive
868 533 942 611 post
962 525 1092 613 longam
1115 538 1172 596 aut
1191 528 1329 596 brevem
1352 536 1432 594 tem·

130 626 221 714 poris
244 645 366 692 moram
388 633 521 714 propter
531 625 650 691 Vestra
672 627 764 692 varia
784 638 921 715 peccata
943 639 975 695 et
996 633 1183 719 injustitias,
1206 654 1291 722 quae
1306 632 1433 721 absque

128 729 197 796 tide
220 731 307 795 etin
329 731 417 796 omni
439 730 629 796 contusione
662 731 872 815 committitis,
906 754 946 799 ac
978 736 1111 823 ipsimet
1138 734 1263 804 animas
1294 737 1432 804 Vestras

133 843 166 901 et
186 834 323 900 aliorum
345 835 512 902 hominum
534 835 682 903 occiditis
705 835 795 903 falsis
818 835 1024 924 dogmatibus
1047 851 1081 907 et
1101 843 1230 909 vitiosis
1244 839 1429 907 actionibus

131 932 174 1004 in*
187 939 293 1005 alieno
316 961 425 1021 sensu,
447 950 559 1006 contra
585 940 683 1007 fidem
706 950 740 1007 et
760 939 866 1027 legem
894 943 970 1029 Dei,
1005 948 1149 1013 omnium
1170 945 1379 1014 credentium
1401 951 1432 1011 et

130 1045 341 1111 sacramentis
363 1043 486 1111 Christi
507 1046 676 1115 utentium.

216 1147 338 1215 Scitote
359 1148 467 1233 eham,
490 1149 578 1238 quod
600 1149 750 1218 Christus
770 1152 932 1218 Dominus
953 1152 1054 1218 radiis
1086 1153 1232 1220 veritatis
1261 1176 1343 1220 suae
1361 1155 1430 1243 jam

129 1258 266 1323 veniens
288 1256 433 1323 destruat
465 1261 498 1319 ct
518 1255 700 1322 annihilare
720 1255 857 1345 incipiat
876 1256 1114 1323 Antichristum
1137 1259 1252 1345 spiritu
1275 1259 1346 1326 oris
1369 1261 1429 1343 sui,

129 1383 188 1449 per
219 1360 334 1427 fideles
363 1360 607 1426 concionatores
642 1368 675 1427 et
706 1360 880 1446 magistros
911 1383 951 1426 ac
984 1360 1133 1428 doctores
1165 1361 1345 1449 Evangelii
1378 1364 1427 1429 sni

130 1464 244 1532 sancti.
287 1463 427 1551 Inquirit
447 1462 540 1531 illum
557 1465 629 1552 jam
652 1465 749 1530 etiam
771 1464 863 1531 Deus
883 1464 1004 1552 ubique
1026 1487 1085 1552 per
1106 1474 1210 1532 terras
1223 1475 1256 1531 et
1277 1468 1429 1552 regiones

129 1567 250 1633 lumine
274 1576 306 1631 et
335 1567 468 1633 lucerna
496 1567 593 1635 verbi·
624 1569 674 1635 sui
705 1569 825 1652 sancti,
860 1576 893 1634 et
920 1568 1094 1655 Evangelii
1124 1567 1249 1636 Christi
1281 1571 1427 1654 Domini,

32 1687 35 1691 ’
128 1693 206 1737 rere
229 1673 313 1736 sicut
333 1671 437 1739 finem
460 1681 493 1738 et
514 1672 722 1750 homicidam,
743 1673 799 1760 qui
822 1695 857 1737 se
879 1672 913 1737 in
935 1673 1031 1739 domo
1054 1673 1204 1758 occultat,
1227 1683 1328 1741 noctu
1351 1697 1427 1742 vero

52 1820 59 1827 -
128 1775 251 1841 lumine
273 1774 394 1864 ubique
415 1777 588 1845 invenitur.
631 1775 682 1841 lta
702 1799 790 1841 nunc
804 1775 842 1841 fit
850 1774 1051 1845 Antichristo
1075 1788 1107 1845 et
1127 1778 1204 1844 filiis
1227 1779 1298 1866 ejus
1324 1780 1424 1846 omui·

129 1879 254 1967 busque
277 1880 465 1949 custodibus
487 1890 521 1947 et
542 1881 641 1947 sociis
660 1878 758 1946 illius.

211 1985 307 2064 ,Dicis
330 1988 427 2051 etiam
450 1986 579 2075 saepius
600 1987 635 2050 in
657 1984 759 2051 literis
770 1984 860 2069 Tuis,
884 1983 971 2071 quod
986 1987 1109 2073 opiner,
1132 2008 1186 2051 me
1208 2008 1281 2052 esse
1292 1986 1427 2055 divitem

128 2090 163 2153 in
186 2089 333 2157 doctrina
354 2091 407 2157 vel
430 2092 586 2176 scientia3
610 2090 706 2156 etiam
730 2091 763 2155 in
785 2088 848 2155 hoc
868 2088 966 2154 valde
987 2111 1076 2154 erras
1099 2098 1131 2155 et
1160 2089 1245 2156 male
1267 2092 1424 2178 opinaris,

129 2192 210 2260 haec
232 2195 319 2283 apud
340 2218 393 2261 me
414 2196 564 2262 inveniri.
598 2195 671 2282 Ego
695 2195 781 2260 enim
803 2193 982 2259 armiliante
1004 2194 1077 2260 Deo
1109 2215 1162 2258 me
1183 2196 1292 2282 ipsum
1315 2218 1424 2280 nosco,

129 2323 181 2366 me
203 2322 275 2366 esse
298 2300 461 2366 hominem
483 2300 598 2366 rudem
620 2308 653 2364 et
675 2298 771 2364 simul
792 2297 920 2381 laicum,
943 2296 1032 2363 aliud
1054 2297 1199 2386 proferre
1213 2307 1246 2364 et
1256 2302 1425 2366 nominare

128 2404 210 2470 nihil
232 2407 398 2488 scientem,
431 2405 496 2470 nisi
517 2401 821 2470 Jesum'Ohristum
849 2401 1058 2484 crucifixum,
1094 2412 1127 2467 et
1147 2404 1323 2469 veritatem
1349 2405 1424 2493 legis

128 2511 199 2597 ejus
221 2508 422 2597 simplicibus
445 2507 565 2592 verbis,
599 2531 666 2574 non
699 2506 790 2595 stylo·
812 2505 877 2572 alto
918 2515 966 2571 eq.
983 2506 1143 2594 sapientia
1174 2508 1350 2575 doctrinae
1373 2510 1419 2576 hu·

127 2635 253 2698 manae,
275 2636 318 2680 ne
340 2621 514 2679 evacuetur
537 2635 618 2679 crux
640 2610 787 2695 Omistt3
820 2611 866 2676 ita
888 2620 984 2697 prout
1004 2611 1097 2681 Deus
1120 2614 1329 2699 omnipotens
1352 2612 1419 2679 mihi

125 2740 171 2799 ,ex
193 2717 297 2805 gratia
327 2727 360 2785 et
393 2717 549 2785 charitate
584 2739 643 2785 sua
676 2719 789 2781 sancta
821 2713 933 2780 tribuit
965 2738 1149 2783 mensuram
1184 2716 1262 2781 fidei
1293 2740 1375 2785 suae
1394 2720 1422 2783 in

128 2821 257 2889 Christo
278 2823 368 2891 Jesu.

123 2994 126 2998 .
211 2928 285 2994 Hoc
307 2928 405 2994 etiam
426 2925 534 3007 miror,
561 2925 713 2992 sacerdos
734 2925 944 3012 Hieronyme,
970 2925 1056 3013 quod
1078 2927 1236 2991 incertam
1252 2935 1285 2991 et
1312 2927 1425 2995 falsam

125 3056 195 3101 rem
218 3035 252 3099 in
273 3032 376 3098 literis
398 3031 478 3097 Tuis
502 3029 637 3113 scribas,
671 3031 782 3118 ajrens
805 3031 892 3117 quod
915 3031 952 3097 lit
939 3040 1035 3115 teras,
1070 3053 1150 3118 quas
1172 3029 1425 3097 administratori

124 3139 289 3222 miseram,
312 3136 436 3223 aliquot
457 3135 646 3223 septimanis
668 3136 769 3222 prius,
794 3135 995 3202 easdemt
947 3147 995 3202 mt
996 3159 1032 3201 er
1053 3134 1190 3201 nobiles
1196 3135 1423 3230 distribuerim

127 3241 229 3327 Oare,
261 3265 318 3308 cur
348 3234 431 3307 hacc
466 3240 575 3306 dicere
598 3238 709 3324 audes,
744 3262 827 3327 quae
849 3263 928 3308 vcra
948 3263 1014 3307 non
1037 3249 1127 3322 sunt,
1157 3262 1264 3327 neque
1284 3218 1322 3304 id
1344 3239 1424 3305 ullus

42 3407 45 3412 .
125 3370 184 3436 pro
206 3370 243 3414 re
263 3369 343 3413 vera
365 3345 553 3412 diceret
497 3368 539 3434 po
541 3353 613 3427 test,
647 3368 723 3411 nam
747 3345 859 3411 solum
874 3367 939 3411 una
960 3344 1015 3409 die
1038 3343 1143 3427 citius,
1167 3365 1264 3432 quam
1287 3342 1422 3411 admini-

127 3453 257 3521 stratori
278 3451 351 3517 illas
375 3442 468 3515 extra
496 3450 637 3537 Pragam
659 3451 782 3551 aliquot
816 3434 1009 3525 milliaribus
1033 3451 1208 3531 transmisi,
1240 3450 1340 3515 etiam
1363 3470 1422 3516 non

130 3579 226 3644 nego,
249 3555 337 3644 quod
359 3563 434 3622 ante
457 3555 608 3621 extradit
586 3565 708 3621 tronem
730 3547 853 3649 aliquot
875 3555 990 3623 diebus
1014 3555 1161 3642 quidam
1169 3553 1211 3619 de
1232 3552 1299 3619 illis
1324 3555 1422 3620 scire·

125 3663 202 3740 rint,
224 3660 276 3725 Tu
296 3681 374 3726 vero
398 3659 524 3744 scribis,
555 3660 643 3749 quod
664 3659 906 3730 administrator
928 3660 1002 3726 illas
1025 3659 1136 3726 literas
1160 3659 1254 3725 citius
1277 3656 1321 3725 ab
1343 3658 1422 3743 aliis,

125 3786 222 3852 quam
244 3787 264 3829 a
284 3785 337 3830 me
359 3748 415 3829 obt
403 3765 542 3831 tinuerit
585 3764 651 3829 Hic
673 3765 797 3832 errasti.

210 3867 292 3933 Item
303 3869 430 3951 mirum,
452 3867 539 3933 unde
550 3867 632 3934 illud
642 3868 837 3955 provenerit,
851 3868 952 3934 dum'
943 3890 978 3933 m
990 3866 1174 3964 carceribus
1186 3866 1337 3933 detentus
1349 3867 1421 3934 fuis·

126 3993 203 4055 sem,
227 3971 313 4059 quod
324 3972 444 4061 ubique
456 3995 515 4060 per
526 3974 691 4038 civitatem
705 3973 914 4060 Pragensem,
938 3973 1034 4038 etiam
1050 3970 1214 4037 interVos
1238 3972 1421 4038 sacerdotes

124 4099 233 4142 rumor
247 4076 421 4143 invaluerit
443 4086 474 4142 et
497 4075 666 4143 dicebatur
687 4079 722 4142 in
744 4079 972 4143 communitate
996 4086 1028 4142 et
1049 4074 1155 4163 plebe,
1178 4074 1265 4163 quod
1286 4078 1422 4164 ipsemet
1444 4128 1447 4135 .

124 4189 239 4268 sponte
253 4203 295 4247 ex
306 4180 491 4247 carceribus
511 4181 601 4246 exire
613 4182 733 4266 nolim,
747 4190 780 4247 et
802 4173 889 4270 quod
911 4202 1057 4246 carceres
1072 4180 1191 4267 aperiri
1208 4180 1371 4268 jusserint
1392 4189 1422 4247 et

123 4284 202 4350 mihi
214 4307 273 4373 pro
286 4285 452 4352 voluntate
462 4306 536 4349 mea
549 4282 692 4350 oblatum
712 4285 819 4368 fuerit,
842 4308 884 4351 an
902 4286 992 4351 exire
1002 4283 1113 4361 velim,
1128 4305 1190 4348 nec
1204 4305 1258 4366 ne,
1274 4307 1328 4351 me
1344 4306 1420 4352 vero

124 4390 214 4457 exire
229 4386 382 4472 noluisse,
406 4382 465 4455 sed
480 4386 642 4475 quandam
664 4388 841 4456 vindictam
862 4399 1080 4478 exspectasse.
1104 4386 1279 4454 Illudvero
1302 4374 1418 4456 iterum

123 4495 239 4564 falsum
262 4503 321 4580 est,
345 4496 451 4560 sciunt
473 4493 561 4558 enim
583 4484 706 4558 domini
718 4494 910 4583 Pragenses,
934 4493 1022 4584 quod
1043 4517 1103 4582 per
1123 4503 1226 4560 totum
1237 4493 1320 4560 illud
1343 4503 1418 4561 tem·

123 4600 212 4690 poris
235 4601 374 4689 spatium
395 4597 438 4664 de
458 4596 510 4663 his
532 4596 657 4664 nullum
674 4620 785 4665 eorum
810 4599 945 4666 verbum
955 4598 1036 4665 mihi
1048 4598 1171 4664 dictum
1185 4596 1293 4678 fuerit,
1314 4620 1418 4689 neque

112 4726 182 4791 per
200 4702 376 4790 quemdam
397 4700 496 4772 alium
518 4700 598 4769 mihi
621 4703 854 4793 significatum,
877 4704 942 4771 imo
965 4702 1125 4794 quomodo
1146 4700 1230 4770 haec
1243 4727 1326 4773 vera
1349 4725 1418 4775 esse
