<?xml version="1.0" encoding="UTF-8"?>
<!DOCTYPE html PUBLIC "-//W3C//DTD XHTML 1.0 Transitional//EN"
    "http://www.w3.org/TR/xhtml1/DTD/xhtml1-transitional.dtd">
<html xmlns="http://www.w3.org/1999/xhtml" xml:lang="en" lang="en">
 <head>
  <title>
</title>
<meta http-equiv="Content-Type" content="text/html;charset=utf-8" />
  <meta name='ocr-system' content='tesseract 3.04.00' />
  <meta name='ocr-capabilities' content='ocr_page ocr_carea ocr_par ocr_line ocrx_word'/>
</head>
<body>
  <div class='ocr_page' id='page_1' title='image "./desbartholomusv00bartgoog_0069.png"; bbox 0 0 2948 5040; ppageno 0'>
   <div class='ocr_carea' id='block_1_1' title="bbox 83 124 132 227">
    <p class='ocr_par' dir='ltr' id='par_1_1' title="bbox 83 124 132 227">
     <span class='ocr_line' id='line_1_1' title="bbox 83 124 132 227; baseline 0 -8"><span class='ocrx_word' id='word_1_1' title='bbox 83 124 132 227; x_wconf 63' lang='lat' dir='ltr'><strong>lt</strong></span> 
     </span>
    </p>
   </div>
   <div class='ocr_carea' id='block_1_2' title="bbox 35 285 1389 4740">
    <p class='ocr_par' dir='ltr' id='par_1_2' title="bbox 35 285 1386 2143">
     <span class='ocr_line' id='line_1_2' title="bbox 87 285 1378 385; baseline -0.009 -22"><span class='ocrx_word' id='word_1_2' title='bbox 87 318 168 385; x_wconf 89' lang='lat' dir='ltr'><strong>quos</strong></span> <span class='ocrx_word' id='word_1_3' title='bbox 191 296 273 361; x_wconf 90' lang='lat' dir='ltr'><strong>ritus</strong></span> <span class='ocrx_word' id='word_1_4' title='bbox 306 300 339 379; x_wconf 82' lang='lat' dir='ltr'><strong>et</strong></span> <span class='ocrx_word' id='word_1_5' title='bbox 372 290 622 373; x_wconf 84' lang='lat' dir='ltr'><strong>consuetudines</strong></span> <span class='ocrx_word' id='word_1_6' title='bbox 644 290 687 355; x_wconf 91' lang='lat' dir='ltr'><strong>ab</strong></span> <span class='ocrx_word' id='word_1_7' title='bbox 710 290 896 371; x_wconf 82' lang='lat' dir='ltr'><strong>hominibus</strong></span> <span class='ocrx_word' id='word_1_8' title='bbox 918 287 1082 367; x_wconf 84' lang='lat' dir='ltr'><strong>institutas</strong></span> <span class='ocrx_word' id='word_1_9' title='bbox 1103 285 1378 375; x_wconf 70' lang='lat' dir='ltr'><strong>praedicavimus,</strong></span> 
     </span>
     <span class='ocr_line' id='line_1_3' title="bbox 87 386 1373 483; baseline -0.01 -17"><span class='ocrx_word' id='word_1_10' title='bbox 87 398 266 475; x_wconf 78' lang='lat' dir='ltr'><strong>docuimus,</strong></span> <span class='ocrx_word' id='word_1_11' title='bbox 291 405 324 461; x_wconf 91' lang='lat' dir='ltr'><strong>ct</strong></span> <span class='ocrx_word' id='word_1_12' title='bbox 346 395 551 483; x_wconf 74' lang='lat' dir='ltr'><strong>scripsimus,</strong></span> <span class='ocrx_word' id='word_1_13' title='bbox 581 391 735 482; x_wconf 90' lang='lat' dir='ltr'><strong>populum</strong></span> <span class='ocrx_word' id='word_1_14' title='bbox 766 396 864 458; x_wconf 89' lang='lat' dir='ltr'><strong>etiam</strong></span> <span class='ocrx_word' id='word_1_15' title='bbox 886 390 1065 459; x_wconf 89' lang='lat' dir='ltr'><strong>secundum</strong></span> <span class='ocrx_word' id='word_1_16' title='bbox 1098 389 1216 477; x_wconf 82' lang='lat' dir='ltr'><strong>dogma</strong></span> <span class='ocrx_word' id='word_1_17' title='bbox 1246 386 1373 455; x_wconf 89' lang='lat' dir='ltr'><strong>Christi</strong></span> 
     </span>
     <span class='ocr_line' id='line_1_4' title="bbox 83 478 1382 570; baseline -0.009 -2"><span class='ocrx_word' id='word_1_18' title='bbox 83 494 220 570; x_wconf 86' lang='lat' dir='ltr'><strong>Domini</strong></span> <span class='ocrx_word' id='word_1_19' title='bbox 241 523 263 566; x_wconf 91' lang='lat' dir='ltr'><strong>a</strong></span> <span class='ocrx_word' id='word_1_20' title='bbox 283 498 380 564; x_wconf 90' lang='lat' dir='ltr'><strong>rebus</strong></span> <span class='ocrx_word' id='word_1_21' title='bbox 402 497 520 564; x_wconf 88' lang='lat' dir='ltr'><strong>talibus</strong></span> <span class='ocrx_word' id='word_1_22' title='bbox 550 496 627 562; x_wconf 90' lang='lat' dir='ltr'><strong>fidei</strong></span> <span class='ocrx_word' id='word_1_23' title='bbox 650 478 853 563; x_wconf 80' lang='lat' dir='ltr'><strong>Christianae</strong></span> <span class='ocrx_word' id='word_1_24' title='bbox 875 497 1045 563; x_wconf 76' lang='lat' dir='ltr'><strong>contrariis</strong></span> <span class='ocrx_word' id='word_1_25' title='bbox 1068 495 1253 561; x_wconf 89' lang='lat' dir='ltr'><strong>successive</strong></span> <span class='ocrx_word' id='word_1_26' title='bbox 1275 491 1382 559; x_wconf 89' lang='lat' dir='ltr'><strong>abdu-</strong></span> 
     </span>
     <span class='ocr_line' id='line_1_5' title="bbox 85 598 1381 687; baseline -0.008 -14"><span class='ocrx_word' id='word_1_27' title='bbox 85 628 159 673; x_wconf 90' lang='lat' dir='ltr'><strong>cere</strong></span> <span class='ocrx_word' id='word_1_28' title='bbox 189 603 452 685; x_wconf 74' lang='lat' dir='ltr'><strong>constituimus,</strong></span> <span class='ocrx_word' id='word_1_29' title='bbox 485 603 592 687; x_wconf 29' lang='lat' dir='ltr'><strong>enam,</strong></span> <span class='ocrx_word' id='word_1_30' title='bbox 616 600 719 667; x_wconf 89' lang='lat' dir='ltr'><strong>libere</strong></span> <span class='ocrx_word' id='word_1_31' title='bbox 750 600 918 667; x_wconf 86' lang='lat' dir='ltr'><strong>docuimus</strong></span> <span class='ocrx_word' id='word_1_32' title='bbox 949 609 981 666; x_wconf 91' lang='lat' dir='ltr'><strong>et</strong></span> <span class='ocrx_word' id='word_1_33' title='bbox 1010 599 1109 665; x_wconf 91' lang='lat' dir='ltr'><strong>locuti</strong></span> <span class='ocrx_word' id='word_1_34' title='bbox 1145 621 1256 663; x_wconf 90' lang='lat' dir='ltr'><strong>sumus</strong></span> <span class='ocrx_word' id='word_1_35' title='bbox 1279 598 1381 685; x_wconf 86' lang='lat' dir='ltr'><strong>juxta</strong></span> 
     </span>
     <span class='ocr_line' id='line_1_6' title="bbox 86 699 1381 799; baseline -0.008 -24"><span class='ocrx_word' id='word_1_36' title='bbox 86 730 211 775; x_wconf 86' lang='lat' dir='ltr'><strong>sacram</strong></span> <span class='ocrx_word' id='word_1_37' title='bbox 246 707 460 794; x_wconf 89' lang='lat' dir='ltr'><strong>scripturam,</strong></span> <span class='ocrx_word' id='word_1_38' title='bbox 499 704 585 792; x_wconf 93' lang='lat' dir='ltr'><strong>quod</strong></span> <span class='ocrx_word' id='word_1_39' title='bbox 617 702 767 770; x_wconf 90' lang='lat' dir='ltr'><strong>Christus</strong></span> <span class='ocrx_word' id='word_1_40' title='bbox 800 704 1015 793; x_wconf 78' lang='lat' dir='ltr'><strong>personaliter</strong></span> <span class='ocrx_word' id='word_1_41' title='bbox 1045 704 1164 799; x_wconf 73' lang='lat' dir='ltr'><strong>existat</strong></span> <span class='ocrx_word' id='word_1_42' title='bbox 1196 725 1216 768; x_wconf 88' lang='lat' dir='ltr'><strong>a</strong></span> <span class='ocrx_word' id='word_1_43' title='bbox 1252 699 1381 766; x_wconf 83' lang='lat' dir='ltr'><strong>dextris</strong></span> 
     </span>
     <span class='ocr_line' id='line_1_7' title="bbox 35 807 1380 896; baseline -0.007 -18"><span class='ocrx_word' id='word_1_44' title='bbox 35 884 37 888; x_wconf 59' lang='grc'>,</span> <span class='ocrx_word' id='word_1_45' title='bbox 86 814 161 895; x_wconf 91' lang='lat' dir='ltr'><strong>Dei,</strong></span> <span class='ocrx_word' id='word_1_46' title='bbox 192 815 246 879; x_wconf 83' lang='lat' dir='ltr'><strong>sed</strong></span> <span class='ocrx_word' id='word_1_47' title='bbox 279 833 342 876; x_wconf 84' lang='lat' dir='ltr'><strong>non</strong></span> <span class='ocrx_word' id='word_1_48' title='bbox 375 814 623 892; x_wconf 71' lang='lat' dir='ltr'><strong>insece-amento,</strong></span> <span class='ocrx_word' id='word_1_49' title='bbox 657 810 795 896; x_wconf 83' lang='lat' dir='ltr'><strong>professi</strong></span> <span class='ocrx_word' id='word_1_50' title='bbox 824 810 961 891; x_wconf 85' lang='lat' dir='ltr'><strong>fuimus,</strong></span> <span class='ocrx_word' id='word_1_51' title='bbox 996 816 1029 872; x_wconf 88' lang='lat' dir='ltr'><strong>et</strong></span> <span class='ocrx_word' id='word_1_52' title='bbox 1050 807 1238 894; x_wconf 91' lang='lat' dir='ltr'><strong>profitemur</strong></span> <span class='ocrx_word' id='word_1_53' title='bbox 1260 827 1380 894; x_wconf 89' lang='lat' dir='ltr'><strong>corpus</strong></span> 
     </span>
     <span class='ocr_line' id='line_1_8' title="bbox 89 908 1381 1001; baseline -0.006 -20"><span class='ocrx_word' id='word_1_54' title='bbox 89 925 122 981; x_wconf 89' lang='lat' dir='ltr'><strong>et</strong></span> <span class='ocrx_word' id='word_1_55' title='bbox 143 916 335 1001; x_wconf 85' lang='lat' dir='ltr'><strong>sanguinem</strong></span> <span class='ocrx_word' id='word_1_56' title='bbox 358 912 490 995; x_wconf 83' lang='lat' dir='ltr'><strong>Christi,</strong></span> <span class='ocrx_word' id='word_1_57' title='bbox 514 917 568 978; x_wconf 80' lang='lat' dir='ltr'><strong>aed</strong></span> <span class='ocrx_word' id='word_1_58' title='bbox 601 936 664 979; x_wconf 84' lang='lat' dir='ltr'><strong>non</strong></span> <span class='ocrx_word' id='word_1_59' title='bbox 680 934 849 999; x_wconf 81' lang='lat' dir='ltr'><strong>personam</strong></span> <span class='ocrx_word' id='word_1_60' title='bbox 882 914 973 1000; x_wconf 85' lang='lat' dir='ltr'><strong>ejus3</strong></span> <span class='ocrx_word' id='word_1_61' title='bbox 996 934 1072 975; x_wconf 85' lang='lat' dir='ltr'><strong>nam</strong></span> <span class='ocrx_word' id='word_1_62' title='bbox 1095 910 1267 993; x_wconf 89' lang='lat' dir='ltr'><strong>credimus,</strong></span> <span class='ocrx_word' id='word_1_63' title='bbox 1291 908 1381 997; x_wconf 91' lang='lat' dir='ltr'><strong>quod</strong></span> 
     </span>
     <span class='ocr_line' id='line_1_9' title="bbox 88 1015 1381 1101; baseline -0.006 -16"><span class='ocrx_word' id='word_1_64' title='bbox 88 1019 265 1086; x_wconf 90' lang='lat' dir='ltr'><strong>secundum</strong></span> <span class='ocrx_word' id='word_1_65' title='bbox 297 1017 517 1082; x_wconf 90' lang='lat' dir='ltr'><strong>testimonium</strong></span> <span class='ocrx_word' id='word_1_66' title='bbox 553 1016 727 1082; x_wconf 86' lang='lat' dir='ltr'><strong>verborum</strong></span> <span class='ocrx_word' id='word_1_67' title='bbox 750 1016 872 1083; x_wconf 78' lang='lat' dir='ltr'><strong>Christi</strong></span> <span class='ocrx_word' id='word_1_68' title='bbox 894 1016 1027 1081; x_wconf 92' lang='lat' dir='ltr'><strong>Domini</strong></span> <span class='ocrx_word' id='word_1_69' title='bbox 1065 1015 1160 1101; x_wconf 89' lang='lat' dir='ltr'><strong>panis</strong></span> <span class='ocrx_word' id='word_1_70' title='bbox 1190 1015 1232 1079; x_wconf 89' lang='lat' dir='ltr'><strong>sit</strong></span> <span class='ocrx_word' id='word_1_71' title='bbox 1264 1035 1381 1079; x_wconf 87' lang='lat' dir='ltr'><strong>verum</strong></span> 
     </span>
     <span class='ocr_line' id='line_1_10' title="bbox 88 1117 1381 1210; baseline -0.007 -21"><span class='ocrx_word' id='word_1_72' title='bbox 88 1145 214 1210; x_wconf 89' lang='lat' dir='ltr'><strong>corpus,</strong></span> <span class='ocrx_word' id='word_1_73' title='bbox 248 1129 280 1186; x_wconf 92' lang='lat' dir='ltr'><strong>et</strong></span> <span class='ocrx_word' id='word_1_74' title='bbox 301 1121 413 1203; x_wconf 87' lang='lat' dir='ltr'><strong>vinum</strong></span> <span class='ocrx_word' id='word_1_75' title='bbox 438 1118 616 1186; x_wconf 89' lang='lat' dir='ltr'><strong>secundum</strong></span> <span class='ocrx_word' id='word_1_76' title='bbox 638 1122 857 1186; x_wconf 90' lang='lat' dir='ltr'><strong>testimonium</strong></span> <span class='ocrx_word' id='word_1_77' title='bbox 879 1121 1054 1187; x_wconf 89' lang='lat' dir='ltr'><strong>verborum</strong></span> <span class='ocrx_word' id='word_1_78' title='bbox 1070 1117 1202 1201; x_wconf 83' lang='lat' dir='ltr'><strong>Christi,</strong></span> <span class='ocrx_word' id='word_1_79' title='bbox 1226 1119 1269 1182; x_wconf 91' lang='lat' dir='ltr'><strong>sit</strong></span> <span class='ocrx_word' id='word_1_80' title='bbox 1282 1138 1381 1181; x_wconf 85' lang='lat' dir='ltr'><strong>verns</strong></span> 
     </span>
     <span class='ocr_line' id='line_1_11' title="bbox 88 1223 1379 1312; baseline -0.005 -21"><span class='ocrx_word' id='word_1_81' title='bbox 88 1228 236 1312; x_wconf 85' lang='lat' dir='ltr'><strong>sanguis,</strong></span> <span class='ocrx_word' id='word_1_82' title='bbox 271 1225 371 1290; x_wconf 89' lang='lat' dir='ltr'><strong>etita</strong></span> <span class='ocrx_word' id='word_1_83' title='bbox 393 1246 531 1311; x_wconf 91' lang='lat' dir='ltr'><strong>semper,</strong></span> <span class='ocrx_word' id='word_1_84' title='bbox 554 1233 587 1289; x_wconf 94' lang='lat' dir='ltr'><strong>et</strong></span> <span class='ocrx_word' id='word_1_85' title='bbox 607 1246 672 1289; x_wconf 92' lang='lat' dir='ltr'><strong>non</strong></span> <span class='ocrx_word' id='word_1_86' title='bbox 695 1224 789 1292; x_wconf 89' lang='lat' dir='ltr'><strong>aliter</strong></span> <span class='ocrx_word' id='word_1_87' title='bbox 810 1226 989 1308; x_wconf 90' lang='lat' dir='ltr'><strong>docuimus,</strong></span> <span class='ocrx_word' id='word_1_88' title='bbox 1012 1226 1097 1291; x_wconf 90' lang='lat' dir='ltr'><strong>sicut</strong></span> <span class='ocrx_word' id='word_1_89' title='bbox 1117 1223 1210 1289; x_wconf 92' lang='lat' dir='ltr'><strong>multi</strong></span> <span class='ocrx_word' id='word_1_90' title='bbox 1232 1229 1379 1288; x_wconf 90' lang='lat' dir='ltr'><strong>vestrum</strong></span> 
     </span>
     <span class='ocr_line' id='line_1_12' title="bbox 86 1325 1382 1416; baseline -0.006 -20"><span class='ocrx_word' id='word_1_91' title='bbox 86 1351 147 1411; x_wconf 80' lang='lat' dir='ltr'><strong>nos</strong></span> <span class='ocrx_word' id='word_1_92' title='bbox 179 1328 370 1410; x_wconf 83' lang='lat' dir='ltr'><strong>audiebant,</strong></span> <span class='ocrx_word' id='word_1_93' title='bbox 405 1336 437 1392; x_wconf 90' lang='lat' dir='ltr'><strong>et</strong></span> <span class='ocrx_word' id='word_1_94' title='bbox 465 1329 500 1392; x_wconf 93' lang='lat' dir='ltr'><strong>in</strong></span> <span class='ocrx_word' id='word_1_95' title='bbox 532 1328 583 1393; x_wconf 92' lang='lat' dir='ltr'><strong>his</strong></span> <span class='ocrx_word' id='word_1_96' title='bbox 614 1328 789 1416; x_wconf 88' lang='lat' dir='ltr'><strong>adjuvante</strong></span> <span class='ocrx_word' id='word_1_97' title='bbox 812 1330 883 1395; x_wconf 90' lang='lat' dir='ltr'><strong>Deo</strong></span> <span class='ocrx_word' id='word_1_98' title='bbox 919 1338 951 1394; x_wconf 90' lang='lat' dir='ltr'><strong>et</strong></span> <span class='ocrx_word' id='word_1_99' title='bbox 971 1329 1122 1412; x_wconf 89' lang='lat' dir='ltr'><strong>volente,</strong></span> <span class='ocrx_word' id='word_1_100' title='bbox 1158 1329 1239 1394; x_wconf 90' lang='lat' dir='ltr'><strong>mori</strong></span> <span class='ocrx_word' id='word_1_101' title='bbox 1275 1325 1382 1412; x_wconf 89' lang='lat' dir='ltr'><strong>parati</strong></span> 
     </span>
     <span class='ocr_line' id='line_1_13' title="bbox 87 1429 1382 1520; baseline -0.005 -21"><span class='ocrx_word' id='word_1_102' title='bbox 87 1456 207 1499; x_wconf 86' lang='lat' dir='ltr'><strong>sumus.</strong></span> <span class='ocrx_word' id='word_1_103' title='bbox 259 1432 295 1499; x_wconf 80' lang='lat' dir='ltr'><strong>Si</strong></span> <span class='ocrx_word' id='word_1_104' title='bbox 327 1453 406 1498; x_wconf 90' lang='lat' dir='ltr'><strong>vero</strong></span> <span class='ocrx_word' id='word_1_105' title='bbox 443 1433 515 1520; x_wconf 90' lang='lat' dir='ltr'><strong>quis</strong></span> <span class='ocrx_word' id='word_1_106' title='bbox 548 1430 589 1497; x_wconf 88' lang='lat' dir='ltr'><strong>de</strong></span> <span class='ocrx_word' id='word_1_107' title='bbox 625 1433 720 1499; x_wconf 93' lang='lat' dir='ltr'><strong>nobis</strong></span> <span class='ocrx_word' id='word_1_108' title='bbox 754 1433 854 1498; x_wconf 90' lang='lat' dir='ltr'><strong>alium</strong></span> <span class='ocrx_word' id='word_1_109' title='bbox 890 1456 1052 1500; x_wconf 91' lang='lat' dir='ltr'><strong>rumorem</strong></span> <span class='ocrx_word' id='word_1_110' title='bbox 1074 1432 1168 1499; x_wconf 91' lang='lat' dir='ltr'><strong>vobis</strong></span> <span class='ocrx_word' id='word_1_111' title='bbox 1190 1431 1245 1496; x_wconf 91' lang='lat' dir='ltr'><strong>vel</strong></span> <span class='ocrx_word' id='word_1_112' title='bbox 1279 1429 1382 1493; x_wconf 88' lang='lat' dir='ltr'><strong>alicui</strong></span> 
     </span>
     <span class='ocr_line' id='line_1_14' title="bbox 88 1534 1382 1626; baseline -0.005 -23"><span class='ocrx_word' id='word_1_113' title='bbox 88 1546 232 1604; x_wconf 88' lang='lat' dir='ltr'><strong>vestrum</strong></span> <span class='ocrx_word' id='word_1_114' title='bbox 264 1534 437 1619; x_wconf 87' lang='lat' dir='ltr'><strong>detulerit,</strong></span> <span class='ocrx_word' id='word_1_115' title='bbox 473 1535 589 1602; x_wconf 89' lang='lat' dir='ltr'><strong>volens</strong></span> <span class='ocrx_word' id='word_1_116' title='bbox 623 1559 683 1600; x_wconf 92' lang='lat' dir='ltr'><strong>nos</strong></span> <span class='ocrx_word' id='word_1_117' title='bbox 706 1536 791 1623; x_wconf 90' lang='lat' dir='ltr'><strong>apud</strong></span> <span class='ocrx_word' id='word_1_118' title='bbox 815 1537 976 1626; x_wconf 88' lang='lat' dir='ltr'><strong>quoslibet</strong></span> <span class='ocrx_word' id='word_1_119' title='bbox 997 1546 1141 1602; x_wconf 88' lang='lat' dir='ltr'><strong>vestrum</strong></span> <span class='ocrx_word' id='word_1_120' title='bbox 1164 1536 1198 1600; x_wconf 92' lang='lat' dir='ltr'><strong>in</strong></span> <span class='ocrx_word' id='word_1_121' title='bbox 1222 1554 1382 1599; x_wconf 85' lang='lat' dir='ltr'><strong>nauseam</strong></span> 
     </span>
     <span class='ocr_line' id='line_1_15' title="bbox 88 1639 1385 1729; baseline -0.005 -23"><span class='ocrx_word' id='word_1_122' title='bbox 88 1639 277 1729; x_wconf 85' lang='lat' dir='ltr'><strong>perducere,</strong></span> <span class='ocrx_word' id='word_1_123' title='bbox 299 1661 452 1726; x_wconf 85' lang='lat' dir='ltr'><strong>rogamus</strong></span> <span class='ocrx_word' id='word_1_124' title='bbox 464 1689 475 1724; x_wconf 94' lang='lat'><strong>,</strong></span> <span class='ocrx_word' id='word_1_125' title='bbox 506 1649 539 1705; x_wconf 90' lang='lat' dir='ltr'><strong>et</strong></span> <span class='ocrx_word' id='word_1_126' title='bbox 561 1640 722 1706; x_wconf 88' lang='lat' dir='ltr'><strong>credimus</strong></span> <span class='ocrx_word' id='word_1_127' title='bbox 734 1691 742 1724; x_wconf 93' lang='lat'><strong>,</strong></span> <span class='ocrx_word' id='word_1_128' title='bbox 778 1641 864 1729; x_wconf 93' lang='lat' dir='ltr'><strong>quod</strong></span> <span class='ocrx_word' id='word_1_129' title='bbox 887 1642 1006 1707; x_wconf 88' lang='lat' dir='ltr'><strong>similia</strong></span> <span class='ocrx_word' id='word_1_130' title='bbox 1028 1665 1094 1706; x_wconf 93' lang='lat' dir='ltr'><strong>non</strong></span> <span class='ocrx_word' id='word_1_131' title='bbox 1127 1639 1288 1721; x_wconf 89' lang='lat' dir='ltr'><strong>audietis,</strong></span> <span class='ocrx_word' id='word_1_132' title='bbox 1322 1658 1385 1701; x_wconf 89' lang='lat' dir='ltr'><strong>nec</strong></span> 
     </span>
     <span class='ocr_line' id='line_1_16' title="bbox 89 1743 1386 1831; baseline -0.003 -21"><span class='ocrx_word' id='word_1_133' title='bbox 89 1743 238 1827; x_wconf 89' lang='lat' dir='ltr'><strong>credetis,</strong></span> <span class='ocrx_word' id='word_1_134' title='bbox 261 1764 336 1807; x_wconf 92' lang='lat' dir='ltr'><strong>nam</strong></span> <span class='ocrx_word' id='word_1_135' title='bbox 357 1765 485 1831; x_wconf 89' lang='lat' dir='ltr'><strong>semper</strong></span> <span class='ocrx_word' id='word_1_136' title='bbox 508 1752 540 1809; x_wconf 88' lang='lat' dir='ltr'><strong>et</strong></span> <span class='ocrx_word' id='word_1_137' title='bbox 560 1743 681 1831; x_wconf 89' lang='lat' dir='ltr'><strong>ubique</strong></span> <span class='ocrx_word' id='word_1_138' title='bbox 702 1766 764 1809; x_wconf 91' lang='lat' dir='ltr'><strong>nos</strong></span> <span class='ocrx_word' id='word_1_139' title='bbox 786 1744 828 1811; x_wconf 88' lang='lat' dir='ltr'><strong>ad</strong></span> <span class='ocrx_word' id='word_1_140' title='bbox 839 1745 1006 1811; x_wconf 88' lang='lat' dir='ltr'><strong>meliorem</strong></span> <span class='ocrx_word' id='word_1_141' title='bbox 1021 1747 1267 1810; x_wconf 89' lang='lat' dir='ltr'><strong>instructionem</strong></span> <span class='ocrx_word' id='word_1_142' title='bbox 1290 1762 1386 1807; x_wconf 91' lang='lat' dir='ltr'><strong>revo-</strong></span> 
     </span>
     <span class='ocr_line' id='line_1_17' title="bbox 88 1844 1384 1937; baseline -0.002 -25"><span class='ocrx_word' id='word_1_143' title='bbox 88 1849 244 1912; x_wconf 85' lang='lat' dir='ltr'><strong>cavimus.</strong></span> <span class='ocrx_word' id='word_1_144' title='bbox 290 1844 496 1937; x_wconf 80' lang='lat' dir='ltr'><strong>Quaproptcr</strong></span> <span class='ocrx_word' id='word_1_145' title='bbox 518 1849 546 1911; x_wconf 93' lang='lat' dir='ltr'><strong>si</strong></span> <span class='ocrx_word' id='word_1_146' title='bbox 563 1846 661 1931; x_wconf 87' lang='lat' dir='ltr'><strong>juxta</strong></span> <span class='ocrx_word' id='word_1_147' title='bbox 682 1849 745 1914; x_wconf 91' lang='lat' dir='ltr'><strong>hoc</strong></span> <span class='ocrx_word' id='word_1_148' title='bbox 769 1847 909 1915; x_wconf 90' lang='lat' dir='ltr'><strong>edictum</strong></span> <span class='ocrx_word' id='word_1_149' title='bbox 944 1873 965 1913; x_wconf 88' lang='lat' dir='ltr'><strong>a</strong></span> <span class='ocrx_word' id='word_1_150' title='bbox 995 1848 1089 1915; x_wconf 86' lang='lat' dir='ltr'><strong>vobis</strong></span> <span class='ocrx_word' id='word_1_151' title='bbox 1114 1847 1236 1914; x_wconf 90' lang='lat' dir='ltr'><strong>editum</strong></span> <span class='ocrx_word' id='word_1_152' title='bbox 1269 1865 1384 1933; x_wconf 88' lang='lat' dir='ltr'><strong>proce-</strong></span> 
     </span>
     <span class='ocr_line' id='line_1_18' title="bbox 90 1946 1385 2039; baseline -0.004 -22"><span class='ocrx_word' id='word_1_153' title='bbox 90 1952 169 2017; x_wconf 92' lang='lat' dir='ltr'><strong>dere</strong></span> <span class='ocrx_word' id='word_1_154' title='bbox 203 1948 405 2033; x_wconf 88' lang='lat' dir='ltr'><strong>deberemus,</strong></span> <span class='ocrx_word' id='word_1_155' title='bbox 429 1972 599 2037; x_wconf 85' lang='lat' dir='ltr'><strong>ageremus</strong></span> <span class='ocrx_word' id='word_1_156' title='bbox 623 1962 736 2017; x_wconf 92' lang='lat' dir='ltr'><strong>contra</strong></span> <span class='ocrx_word' id='word_1_157' title='bbox 758 1953 989 2018; x_wconf 85' lang='lat' dir='ltr'><strong>conscientiam</strong></span> <span class='ocrx_word' id='word_1_158' title='bbox 1012 1961 1044 2017; x_wconf 90' lang='lat' dir='ltr'><strong>et</strong></span> <span class='ocrx_word' id='word_1_159' title='bbox 1065 1951 1194 2039; x_wconf 83' lang='lat' dir='ltr'><strong>dogma,</strong></span> <span class='ocrx_word' id='word_1_160' title='bbox 1219 1946 1306 2037; x_wconf 88' lang='lat' dir='ltr'><strong>quod</strong></span> <span class='ocrx_word' id='word_1_161' title='bbox 1330 1948 1385 2013; x_wconf 86' lang='lat' dir='ltr'><strong>hs·</strong></span> 
     </span>
     <span class='ocr_line' id='line_1_19' title="bbox 88 2055 576 2143; baseline 0 -22"><span class='ocrx_word' id='word_1_162' title='bbox 88 2055 202 2122; x_wconf 88' lang='lat' dir='ltr'><strong>bemus</strong></span> <span class='ocrx_word' id='word_1_163' title='bbox 225 2055 451 2143; x_wconf 82' lang='lat' dir='ltr'><strong>exscriptore</strong></span> <span class='ocrx_word' id='word_1_164' title='bbox 474 2078 576 2121; x_wconf 89' lang='lat' dir='ltr'><strong>sacra.</strong></span> 
     </span>
    </p>

    <p class='ocr_par' dir='ltr' id='par_1_3' title="bbox 89 2158 1389 4533">
     <span class='ocr_line' id='line_1_20' title="bbox 180 2158 1385 2247; baseline -0.002 -24"><span class='ocrx_word' id='word_1_165' title='bbox 180 2158 242 2223; x_wconf 84' lang='lat' dir='ltr'><strong>Est</strong></span> <span class='ocrx_word' id='word_1_166' title='bbox 265 2159 362 2223; x_wconf 89' lang='lat' dir='ltr'><strong>etiam</strong></span> <span class='ocrx_word' id='word_1_167' title='bbox 386 2158 528 2223; x_wconf 91' lang='lat' dir='ltr'><strong>edictum</strong></span> <span class='ocrx_word' id='word_1_168' title='bbox 551 2158 614 2225; x_wconf 91' lang='lat' dir='ltr'><strong>hoc</strong></span> <span class='ocrx_word' id='word_1_169' title='bbox 637 2170 750 2225; x_wconf 89' lang='lat' dir='ltr'><strong>contra</strong></span> <span class='ocrx_word' id='word_1_170' title='bbox 772 2182 887 2247; x_wconf 89' lang='lat' dir='ltr'><strong>pacem</strong></span> <span class='ocrx_word' id='word_1_171' title='bbox 910 2169 942 2225; x_wconf 88' lang='lat' dir='ltr'><strong>et</strong></span> <span class='ocrx_word' id='word_1_172' title='bbox 966 2158 1283 2225; x_wconf 84' lang='lat' dir='ltr'><strong>concordiamtotius</strong></span> <span class='ocrx_word' id='word_1_173' title='bbox 1300 2178 1385 2221; x_wconf 91' lang='lat' dir='ltr'><strong>com·</strong></span> 
     </span>
     <span class='ocr_line' id='line_1_21' title="bbox 89 2262 1386 2350; baseline -0.002 -24"><span class='ocrx_word' id='word_1_174' title='bbox 89 2263 256 2327; x_wconf 88' lang='lat' dir='ltr'><strong>munitatis</strong></span> <span class='ocrx_word' id='word_1_175' title='bbox 286 2262 402 2350; x_wconf 89' lang='lat' dir='ltr'><strong>hujus,</strong></span> <span class='ocrx_word' id='word_1_176' title='bbox 435 2286 511 2327; x_wconf 91' lang='lat' dir='ltr'><strong>nam</strong></span> <span class='ocrx_word' id='word_1_177' title='bbox 543 2263 637 2329; x_wconf 92' lang='lat' dir='ltr'><strong>vobis</strong></span> <span class='ocrx_word' id='word_1_178' title='bbox 660 2263 800 2329; x_wconf 91' lang='lat' dir='ltr'><strong>dominis</strong></span> <span class='ocrx_word' id='word_1_179' title='bbox 834 2265 986 2350; x_wconf 87' lang='lat' dir='ltr'><strong>gratiosis</strong></span> <span class='ocrx_word' id='word_1_180' title='bbox 1009 2263 1160 2329; x_wconf 91' lang='lat' dir='ltr'><strong>omnibus</strong></span> <span class='ocrx_word' id='word_1_181' title='bbox 1187 2271 1303 2327; x_wconf 89' lang='lat' dir='ltr'><strong>notum</strong></span> <span class='ocrx_word' id='word_1_182' title='bbox 1327 2266 1386 2341; x_wconf 91' lang='lat' dir='ltr'><strong>est,</strong></span> 
     </span>
     <span class='ocr_line' id='line_1_22' title="bbox 91 2364 1385 2456; baseline -0.005 -25"><span class='ocrx_word' id='word_1_183' title='bbox 91 2366 176 2453; x_wconf 92' lang='lat' dir='ltr'><strong>quod</strong></span> <span class='ocrx_word' id='word_1_184' title='bbox 198 2367 233 2429; x_wconf 90' lang='lat' dir='ltr'><strong>in</strong></span> <span class='ocrx_word' id='word_1_185' title='bbox 255 2364 317 2430; x_wconf 86' lang='lat' dir='ltr'><strong>bac</strong></span> <span class='ocrx_word' id='word_1_186' title='bbox 340 2368 570 2432; x_wconf 89' lang='lat' dir='ltr'><strong>communitate</strong></span> <span class='ocrx_word' id='word_1_187' title='bbox 592 2367 731 2455; x_wconf 86' lang='lat' dir='ltr'><strong>populus</strong></span> <span class='ocrx_word' id='word_1_188' title='bbox 747 2367 870 2456; x_wconf 84' lang='lat' dir='ltr'><strong>duplex</strong></span> <span class='ocrx_word' id='word_1_189' title='bbox 893 2369 954 2452; x_wconf 83' lang='lat' dir='ltr'><strong>sit3</strong></span> <span class='ocrx_word' id='word_1_190' title='bbox 977 2368 1082 2455; x_wconf 89' lang='lat' dir='ltr'><strong>primo</strong></span> <span class='ocrx_word' id='word_1_191' title='bbox 1098 2368 1153 2454; x_wconf 92' lang='lat' dir='ltr'><strong>qui</strong></span> <span class='ocrx_word' id='word_1_192' title='bbox 1176 2366 1385 2432; x_wconf 88' lang='lat' dir='ltr'><strong>inventiones</strong></span> 
     </span>
     <span class='ocr_line' id='line_1_23' title="bbox 92 2469 1381 2558; baseline -0.002 -26"><span class='ocrx_word' id='word_1_193' title='bbox 92 2469 249 2533; x_wconf 87' lang='lat' dir='ltr'><strong>humanas</strong></span> <span class='ocrx_word' id='word_1_194' title='bbox 279 2471 413 2535; x_wconf 89' lang='lat' dir='ltr'><strong>nocivas</strong></span> <span class='ocrx_word' id='word_1_195' title='bbox 443 2469 595 2536; x_wconf 90' lang='lat' dir='ltr'><strong>deserere</strong></span> <span class='ocrx_word' id='word_1_196' title='bbox 618 2479 651 2535; x_wconf 90' lang='lat' dir='ltr'><strong>et</strong></span> <span class='ocrx_word' id='word_1_197' title='bbox 671 2470 855 2558; x_wconf 87' lang='lat' dir='ltr'><strong>relinquere</strong></span> <span class='ocrx_word' id='word_1_198' title='bbox 877 2493 942 2535; x_wconf 91' lang='lat' dir='ltr'><strong>non</strong></span> <span class='ocrx_word' id='word_1_199' title='bbox 964 2470 1055 2546; x_wconf 89' lang='lat' dir='ltr'><strong>vult,</strong></span> <span class='ocrx_word' id='word_1_200' title='bbox 1087 2470 1140 2535; x_wconf 90' lang='lat' dir='ltr'><strong>vel</strong></span> <span class='ocrx_word' id='word_1_201' title='bbox 1164 2492 1229 2535; x_wconf 92' lang='lat' dir='ltr'><strong>non</strong></span> <span class='ocrx_word' id='word_1_202' title='bbox 1251 2473 1381 2556; x_wconf 79' lang='lat' dir='ltr'><strong>potest3</strong></span> 
     </span>
     <span class='ocr_line' id='line_1_24' title="bbox 93 2568 1386 2663; baseline -0.006 -22"><span class='ocrx_word' id='word_1_203' title='bbox 93 2576 256 2655; x_wconf 88' lang='lat' dir='ltr'><strong>secundo,</strong></span> <span class='ocrx_word' id='word_1_204' title='bbox 284 2577 339 2663; x_wconf 89' lang='lat' dir='ltr'><strong>qui</strong></span> <span class='ocrx_word' id='word_1_205' title='bbox 369 2577 538 2641; x_wconf 87' lang='lat' dir='ltr'><strong>veritatem</strong></span> <span class='ocrx_word' id='word_1_206' title='bbox 560 2575 626 2639; x_wconf 90' lang='lat' dir='ltr'><strong>Dei</strong></span> <span class='ocrx_word' id='word_1_207' title='bbox 649 2576 804 2663; x_wconf 89' lang='lat' dir='ltr'><strong>sequitur,</strong></span> <span class='ocrx_word' id='word_1_208' title='bbox 828 2584 860 2640; x_wconf 93' lang='lat' dir='ltr'><strong>et</strong></span> <span class='ocrx_word' id='word_1_209' title='bbox 883 2574 1060 2640; x_wconf 89' lang='lat' dir='ltr'><strong>secundum</strong></span> <span class='ocrx_word' id='word_1_210' title='bbox 1082 2574 1173 2639; x_wconf 91' lang='lat' dir='ltr'><strong>illam</strong></span> <span class='ocrx_word' id='word_1_211' title='bbox 1195 2574 1307 2638; x_wconf 89' lang='lat' dir='ltr'><strong>vivere</strong></span> <span class='ocrx_word' id='word_1_212' title='bbox 1332 2568 1386 2634; x_wconf 91' lang='lat' dir='ltr'><strong>de·</strong></span> 
     </span>
     <span class='ocr_line' id='line_1_25' title="bbox 95 2675 1385 2764; baseline -0.005 -22"><span class='ocrx_word' id='word_1_213' title='bbox 95 2678 217 2744; x_wconf 88' lang='lat' dir='ltr'><strong>siderat</strong></span> <span class='ocrx_word' id='word_1_214' title='bbox 229 2728 238 2762; x_wconf 96' lang='lat'><strong>,</strong></span> <span class='ocrx_word' id='word_1_215' title='bbox 279 2687 311 2743; x_wconf 91' lang='lat' dir='ltr'><strong>et</strong></span> <span class='ocrx_word' id='word_1_216' title='bbox 344 2680 413 2743; x_wconf 89' lang='lat' dir='ltr'><strong>sine</strong></span> <span class='ocrx_word' id='word_1_217' title='bbox 443 2678 686 2745; x_wconf 88' lang='lat' dir='ltr'><strong>inventionibus</strong></span> <span class='ocrx_word' id='word_1_218' title='bbox 717 2679 883 2745; x_wconf 92' lang='lat' dir='ltr'><strong>hominum</strong></span> <span class='ocrx_word' id='word_1_219' title='bbox 912 2679 1022 2744; x_wconf 85' lang='lat' dir='ltr'><strong>noxiis</strong></span> <span class='ocrx_word' id='word_1_220' title='bbox 1055 2678 1124 2744; x_wconf 88' lang='lat' dir='ltr'><strong>sola</strong></span> <span class='ocrx_word' id='word_1_221' title='bbox 1145 2699 1227 2764; x_wconf 88' lang='lat' dir='ltr'><strong>pura</strong></span> <span class='ocrx_word' id='word_1_222' title='bbox 1247 2675 1385 2740; x_wconf 86' lang='lat' dir='ltr'><strong>veritate</strong></span> 
     </span>
     <span class='ocr_line' id='line_1_26' title="bbox 94 2775 1385 2869; baseline -0.004 -23"><span class='ocrx_word' id='word_1_223' title='bbox 94 2781 159 2846; x_wconf 91' lang='lat' dir='ltr'><strong>Dei</strong></span> <span class='ocrx_word' id='word_1_224' title='bbox 195 2784 266 2868; x_wconf 83' lang='lat' dir='ltr'><strong>regi</strong></span> <span class='ocrx_word' id='word_1_225' title='bbox 297 2790 329 2846; x_wconf 87' lang='lat' dir='ltr'><strong>et</strong></span> <span class='ocrx_word' id='word_1_226' title='bbox 364 2780 464 2866; x_wconf 78' lang='lat' dir='ltr'><strong>dirigi</strong></span> <span class='ocrx_word' id='word_1_227' title='bbox 494 2780 571 2846; x_wconf 89' lang='lat' dir='ltr'><strong>vult.</strong></span> <span class='ocrx_word' id='word_1_228' title='bbox 616 2780 744 2847; x_wconf 90' lang='lat' dir='ltr'><strong>Idcirco</strong></span> <span class='ocrx_word' id='word_1_229' title='bbox 777 2783 804 2846; x_wconf 92' lang='lat' dir='ltr'><strong>si</strong></span> <span class='ocrx_word' id='word_1_230' title='bbox 834 2784 931 2869; x_wconf 83' lang='lat' dir='ltr'><strong>juxta</strong></span> <span class='ocrx_word' id='word_1_231' title='bbox 964 2782 1027 2846; x_wconf 93' lang='lat' dir='ltr'><strong>hoc</strong></span> <span class='ocrx_word' id='word_1_232' title='bbox 1058 2780 1196 2846; x_wconf 91' lang='lat' dir='ltr'><strong>edictum</strong></span> <span class='ocrx_word' id='word_1_233' title='bbox 1227 2775 1385 2866; x_wconf 89' lang='lat' dir='ltr'><strong>populum</strong></span> 
     </span>
     <span class='ocr_line' id='line_1_27' title="bbox 91 2882 1384 2973; baseline -0.005 -21"><span class='ocrx_word' id='word_1_234' title='bbox 91 2887 177 2952; x_wconf 91' lang='lat' dir='ltr'><strong>hunc</strong></span> <span class='ocrx_word' id='word_1_235' title='bbox 199 2886 389 2952; x_wconf 88' lang='lat' dir='ltr'><strong>doceremus</strong></span> <span class='ocrx_word' id='word_1_236' title='bbox 424 2894 456 2949; x_wconf 90' lang='lat' dir='ltr'><strong>et</strong></span> <span class='ocrx_word' id='word_1_237' title='bbox 477 2887 726 2968; x_wconf 87' lang='lat' dir='ltr'><strong>instrueremus,</strong></span> <span class='ocrx_word' id='word_1_238' title='bbox 749 2908 916 2973; x_wconf 89' lang='lat' dir='ltr'><strong>nunquam</strong></span> <span class='ocrx_word' id='word_1_239' title='bbox 938 2888 1023 2951; x_wconf 89' lang='lat' dir='ltr'><strong>inter</strong></span> <span class='ocrx_word' id='word_1_240' title='bbox 1054 2908 1115 2951; x_wconf 92' lang='lat' dir='ltr'><strong>nos</strong></span> <span class='ocrx_word' id='word_1_241' title='bbox 1137 2908 1204 2972; x_wconf 86' lang='lat' dir='ltr'><strong>pax</strong></span> <span class='ocrx_word' id='word_1_242' title='bbox 1226 2882 1384 2948; x_wconf 87' lang='lat' dir='ltr'><strong>subsiste·</strong></span> 
     </span>
     <span class='ocr_line' id='line_1_28' title="bbox 90 2984 1387 3077; baseline -0.005 -22"><span class='ocrx_word' id='word_1_243' title='bbox 90 2999 150 3073; x_wconf 88' lang='lat' dir='ltr'><strong>ret,</strong></span> <span class='ocrx_word' id='word_1_244' title='bbox 175 2989 234 3055; x_wconf 91' lang='lat' dir='ltr'><strong>sed</strong></span> <span class='ocrx_word' id='word_1_245' title='bbox 257 2990 446 3077; x_wconf 83' lang='lat' dir='ltr'><strong>frequentes</strong></span> <span class='ocrx_word' id='word_1_246' title='bbox 463 2986 644 3052; x_wconf 86' lang='lat' dir='ltr'><strong>discordiae</strong></span> <span class='ocrx_word' id='word_1_247' title='bbox 657 2990 827 3070; x_wconf 91' lang='lat' dir='ltr'><strong>orirentur,</strong></span> <span class='ocrx_word' id='word_1_248' title='bbox 852 3000 883 3054; x_wconf 90' lang='lat' dir='ltr'><strong>et</strong></span> <span class='ocrx_word' id='word_1_249' title='bbox 898 2990 990 3054; x_wconf 91' lang='lat' dir='ltr'><strong>Deus</strong></span> <span class='ocrx_word' id='word_1_250' title='bbox 1006 2990 1142 3072; x_wconf 88' lang='lat' dir='ltr'><strong>noverit,</strong></span> <span class='ocrx_word' id='word_1_251' title='bbox 1166 3010 1249 3076; x_wconf 89' lang='lat' dir='ltr'><strong>quae</strong></span> <span class='ocrx_word' id='word_1_252' title='bbox 1266 2984 1387 3051; x_wconf 88' lang='lat' dir='ltr'><strong>exinde</strong></span> 
     </span>
     <span class='ocr_line' id='line_1_29' title="bbox 92 3090 1386 3181; baseline -0.004 -23"><span class='ocrx_word' id='word_1_253' title='bbox 92 3095 318 3181; x_wconf 85' lang='lat' dir='ltr'><strong>provenirent,</strong></span> <span class='ocrx_word' id='word_1_254' title='bbox 342 3115 416 3156; x_wconf 93' lang='lat' dir='ltr'><strong>cum</strong></span> <span class='ocrx_word' id='word_1_255' title='bbox 439 3091 633 3177; x_wconf 85' lang='lat' dir='ltr'><strong>agentibus</strong></span> <span class='ocrx_word' id='word_1_256' title='bbox 656 3092 962 3179; x_wconf 88' lang='lat' dir='ltr'><strong>circumjacentibus</strong></span> <span class='ocrx_word' id='word_1_257' title='bbox 985 3094 1018 3157; x_wconf 92' lang='lat' dir='ltr'><strong>in</strong></span> <span class='ocrx_word' id='word_1_258' title='bbox 1040 3095 1177 3158; x_wconf 88' lang='lat' dir='ltr'><strong>veritate</strong></span> <span class='ocrx_word' id='word_1_259' title='bbox 1192 3090 1263 3174; x_wconf 90' lang='lat' dir='ltr'><strong>hac,</strong></span> <span class='ocrx_word' id='word_1_260' title='bbox 1288 3110 1386 3179; x_wconf 88' lang='lat' dir='ltr'><strong>quam</strong></span> 
     </span>
     <span class='ocr_line' id='line_1_30' title="bbox 94 3194 1386 3274; baseline -0.005 -11"><span class='ocrx_word' id='word_1_261' title='bbox 94 3220 115 3263; x_wconf 91' lang='lat' dir='ltr'><strong>a</strong></span> <span class='ocrx_word' id='word_1_262' title='bbox 135 3198 229 3264; x_wconf 90' lang='lat' dir='ltr'><strong>nobis</strong></span> <span class='ocrx_word' id='word_1_263' title='bbox 253 3198 456 3274; x_wconf 89' lang='lat' dir='ltr'><strong>audiverunt,</strong></span> <span class='ocrx_word' id='word_1_264' title='bbox 480 3198 550 3260; x_wconf 91' lang='lat' dir='ltr'><strong>sine</strong></span> <span class='ocrx_word' id='word_1_265' title='bbox 573 3194 738 3261; x_wconf 87' lang='lat' dir='ltr'><strong>additione</strong></span> <span class='ocrx_word' id='word_1_266' title='bbox 770 3199 1034 3262; x_wconf 84' lang='lat' dir='ltr'><strong>const&#39;tutionum</strong></span> <span class='ocrx_word' id='word_1_267' title='bbox 1067 3196 1232 3262; x_wconf 92' lang='lat' dir='ltr'><strong>hominum</strong></span> <span class='ocrx_word' id='word_1_268' title='bbox 1262 3194 1386 3258; x_wconf 88' lang='lat' dir='ltr'><strong>firmari</strong></span> 
     </span>
     <span class='ocr_line' id='line_1_31' title="bbox 95 3299 1382 3388; baseline -0.003 -22"><span class='ocrx_word' id='word_1_269' title='bbox 95 3309 238 3388; x_wconf 90' lang='lat' dir='ltr'><strong>possent,</strong></span> <span class='ocrx_word' id='word_1_270' title='bbox 264 3311 295 3365; x_wconf 89' lang='lat' dir='ltr'><strong>et</strong></span> <span class='ocrx_word' id='word_1_271' title='bbox 318 3302 363 3365; x_wconf 86' lang='lat' dir='ltr'><strong>ita</strong></span> <span class='ocrx_word' id='word_1_272' title='bbox 386 3302 479 3386; x_wconf 88' lang='lat' dir='ltr'><strong>quies</strong></span> <span class='ocrx_word' id='word_1_273' title='bbox 501 3321 566 3363; x_wconf 90' lang='lat' dir='ltr'><strong>non</strong></span> <span class='ocrx_word' id='word_1_274' title='bbox 589 3299 688 3376; x_wconf 89' lang='lat' dir='ltr'><strong>foret,</strong></span> <span class='ocrx_word' id='word_1_275' title='bbox 728 3302 756 3363; x_wconf 91' lang='lat' dir='ltr'><strong>si</strong></span> <span class='ocrx_word' id='word_1_276' title='bbox 786 3323 862 3387; x_wconf 87' lang='lat' dir='ltr'><strong>pars</strong></span> <span class='ocrx_word' id='word_1_277' title='bbox 892 3323 958 3365; x_wconf 88' lang='lat' dir='ltr'><strong>una</strong></span> <span class='ocrx_word' id='word_1_278' title='bbox 986 3304 1020 3365; x_wconf 94' lang='lat' dir='ltr'><strong>in</strong></span> <span class='ocrx_word' id='word_1_279' title='bbox 1043 3302 1202 3387; x_wconf 85' lang='lat' dir='ltr'><strong>religione</strong></span> <span class='ocrx_word' id='word_1_280' title='bbox 1227 3320 1288 3364; x_wconf 89' lang='lat' dir='ltr'><strong>sua</strong></span> <span class='ocrx_word' id='word_1_281' title='bbox 1309 3320 1382 3385; x_wconf 90' lang='lat' dir='ltr'><strong>pro·</strong></span> 
     </span>
     <span class='ocr_line' id='line_1_32' title="bbox 95 3401 1386 3492; baseline -0.001 -24"><span class='ocrx_word' id='word_1_282' title='bbox 95 3427 244 3489; x_wconf 85' lang='lat' dir='ltr'><strong>gressum</strong></span> <span class='ocrx_word' id='word_1_283' title='bbox 268 3406 423 3485; x_wconf 88' lang='lat' dir='ltr'><strong>sentiret,</strong></span> <span class='ocrx_word' id='word_1_284' title='bbox 448 3402 551 3467; x_wconf 88' lang='lat' dir='ltr'><strong>altera</strong></span> <span class='ocrx_word' id='word_1_285' title='bbox 572 3404 606 3466; x_wconf 91' lang='lat' dir='ltr'><strong>in</strong></span> <span class='ocrx_word' id='word_1_286' title='bbox 630 3425 669 3467; x_wconf 87' lang='lat' dir='ltr'><strong>ea</strong></span> <span class='ocrx_word' id='word_1_287' title='bbox 691 3402 860 3489; x_wconf 87' lang='lat' dir='ltr'><strong>deficeret,</strong></span> <span class='ocrx_word' id='word_1_288' title='bbox 892 3406 944 3468; x_wconf 88' lang='lat' dir='ltr'><strong>cui</strong></span> <span class='ocrx_word' id='word_1_289' title='bbox 974 3404 1047 3492; x_wconf 88' lang='lat' dir='ltr'><strong>plus</strong></span> <span class='ocrx_word' id='word_1_290' title='bbox 1069 3406 1270 3492; x_wconf 88' lang='lat' dir='ltr'><strong>pertineret,</strong></span> <span class='ocrx_word' id='word_1_291' title='bbox 1301 3401 1386 3467; x_wconf 90' lang='lat' dir='ltr'><strong>sicut</strong></span> 
     </span>
     <span class='ocr_line' id='line_1_33' title="bbox 92 3506 1387 3593; baseline -0.002 -21"><span class='ocrx_word' id='word_1_292' title='bbox 92 3509 188 3572; x_wconf 85' lang='lat' dir='ltr'><strong>etiam</strong></span> <span class='ocrx_word' id='word_1_293' title='bbox 217 3506 312 3572; x_wconf 86' lang='lat' dir='ltr'><strong>aliter</strong></span> <span class='ocrx_word' id='word_1_294' title='bbox 333 3530 399 3593; x_wconf 84' lang='lat' dir='ltr'><strong>pax</strong></span> <span class='ocrx_word' id='word_1_295' title='bbox 421 3508 456 3569; x_wconf 93' lang='lat' dir='ltr'><strong>in</strong></span> <span class='ocrx_word' id='word_1_296' title='bbox 479 3508 708 3570; x_wconf 89' lang='lat' dir='ltr'><strong>communitate</strong></span> <span class='ocrx_word' id='word_1_297' title='bbox 730 3508 792 3572; x_wconf 88' lang='lat' dir='ltr'><strong>hac</strong></span> <span class='ocrx_word' id='word_1_298' title='bbox 815 3531 888 3572; x_wconf 90' lang='lat' dir='ltr'><strong>cum</strong></span> <span class='ocrx_word' id='word_1_299' title='bbox 911 3508 1065 3572; x_wconf 88' lang='lat' dir='ltr'><strong>Romanis</strong></span> <span class='ocrx_word' id='word_1_300' title='bbox 1089 3529 1248 3573; x_wconf 90' lang='lat' dir='ltr'><strong>essenon</strong></span> <span class='ocrx_word' id='word_1_301' title='bbox 1271 3507 1387 3593; x_wconf 74' lang='lat' dir='ltr'><strong>potuit</strong></span> 
     </span>
     <span class='ocr_line' id='line_1_34' title="bbox 96 3608 1387 3705; baseline 0 -32"><span class='ocrx_word' id='word_1_302' title='bbox 96 3614 151 3699; x_wconf 84' lang='lat' dir='ltr'><strong>qni</strong></span> <span class='ocrx_word' id='word_1_303' title='bbox 175 3612 235 3678; x_wconf 91' lang='lat' dir='ltr'><strong>sub</strong></span> <span class='ocrx_word' id='word_1_304' title='bbox 258 3635 324 3676; x_wconf 89' lang='lat' dir='ltr'><strong>una</strong></span> <span class='ocrx_word' id='word_1_305' title='bbox 347 3614 457 3699; x_wconf 89' lang='lat' dir='ltr'><strong>specie</strong></span> <span class='ocrx_word' id='word_1_306' title='bbox 481 3634 599 3705; x_wconf 80' lang='lat' dir='ltr'><strong>corpus</strong></span> <span class='ocrx_word' id='word_1_307' title='bbox 623 3622 656 3676; x_wconf 91' lang='lat' dir='ltr'><strong>et</strong></span> <span class='ocrx_word' id='word_1_308' title='bbox 679 3616 869 3699; x_wconf 85' lang='lat' dir='ltr'><strong>sanguinem</strong></span> <span class='ocrx_word' id='word_1_309' title='bbox 880 3614 1015 3679; x_wconf 92' lang='lat' dir='ltr'><strong>Domini</strong></span> <span class='ocrx_word' id='word_1_310' title='bbox 1037 3614 1139 3679; x_wconf 90' lang='lat' dir='ltr'><strong>nostri</strong></span> <span class='ocrx_word' id='word_1_311' title='bbox 1162 3612 1243 3676; x_wconf 84' lang='lat' dir='ltr'><strong>Jesu</strong></span> <span class='ocrx_word' id='word_1_312' title='bbox 1263 3608 1387 3675; x_wconf 90' lang='lat' dir='ltr'><strong>Christi</strong></span> 
     </span>
     <span class='ocr_line' id='line_1_35' title="bbox 92 3715 1386 3803; baseline -0.002 -21"><span class='ocrx_word' id='word_1_313' title='bbox 92 3726 232 3799; x_wconf 87' lang='lat' dir='ltr'><strong>sumunt,</strong></span> <span class='ocrx_word' id='word_1_314' title='bbox 268 3717 333 3780; x_wconf 91' lang='lat' dir='ltr'><strong>nisi</strong></span> <span class='ocrx_word' id='word_1_315' title='bbox 355 3726 564 3803; x_wconf 87' lang='lat' dir='ltr'><strong>utrorumque</strong></span> <span class='ocrx_word' id='word_1_316' title='bbox 586 3726 729 3782; x_wconf 86' lang='lat' dir='ltr'><strong>rectores</strong></span> <span class='ocrx_word' id='word_1_317' title='bbox 752 3719 947 3803; x_wconf 81' lang='lat' dir='ltr'><strong>tolerentur3</strong></span> <span class='ocrx_word' id='word_1_318' title='bbox 977 3720 1024 3783; x_wconf 87' lang='lat' dir='ltr'><strong>ita</strong></span> <span class='ocrx_word' id='word_1_319' title='bbox 1047 3727 1079 3782; x_wconf 89' lang='lat' dir='ltr'><strong>et</strong></span> <span class='ocrx_word' id='word_1_320' title='bbox 1111 3715 1290 3783; x_wconf 91' lang='lat' dir='ltr'><strong>hodiedum</strong></span> <span class='ocrx_word' id='word_1_321' title='bbox 1313 3736 1386 3779; x_wconf 90' lang='lat' dir='ltr'><strong>mo·</strong></span> 
     </span>
     <span class='ocr_line' id='line_1_36' title="bbox 91 3818 1387 3909; baseline -0.002 -24"><span class='ocrx_word' id='word_1_322' title='bbox 91 3821 205 3885; x_wconf 89' lang='lat' dir='ltr'><strong>nachis</strong></span> <span class='ocrx_word' id='word_1_323' title='bbox 235 3820 397 3884; x_wconf 87' lang='lat' dir='ltr'><strong>variorum</strong></span> <span class='ocrx_word' id='word_1_324' title='bbox 420 3818 568 3886; x_wconf 89' lang='lat' dir='ltr'><strong>ordinum</strong></span> <span class='ocrx_word' id='word_1_325' title='bbox 597 3831 629 3885; x_wconf 86' lang='lat' dir='ltr'><strong>et</strong></span> <span class='ocrx_word' id='word_1_326' title='bbox 667 3821 862 3907; x_wconf 83' lang='lat' dir='ltr'><strong>regularum,</strong></span> <span class='ocrx_word' id='word_1_327' title='bbox 880 3820 1011 3909; x_wconf 90' lang='lat' dir='ltr'><strong>judaeis</strong></span> <span class='ocrx_word' id='word_1_328' title='bbox 1043 3822 1142 3887; x_wconf 91' lang='lat' dir='ltr'><strong>etiam</strong></span> <span class='ocrx_word' id='word_1_329' title='bbox 1174 3842 1233 3907; x_wconf 92' lang='lat' dir='ltr'><strong>pro</strong></span> <span class='ocrx_word' id='word_1_330' title='bbox 1275 3840 1387 3884; x_wconf 88' lang='lat' dir='ltr'><strong>eorum</strong></span> 
     </span>
     <span class='ocr_line' id='line_1_37' title="bbox 96 3923 1386 4014; baseline 0.002 -27"><span class='ocrx_word' id='word_1_331' title='bbox 96 3923 226 4014; x_wconf 90' lang='lat' dir='ltr'><strong>pietatis</strong></span> <span class='ocrx_word' id='word_1_332' title='bbox 250 3925 415 3988; x_wconf 87' lang='lat' dir='ltr'><strong>exercitiis</strong></span> <span class='ocrx_word' id='word_1_333' title='bbox 439 3924 529 3990; x_wconf 89' lang='lat' dir='ltr'><strong>locus</strong></span> <span class='ocrx_word' id='word_1_334' title='bbox 553 3947 727 3990; x_wconf 87' lang='lat' dir='ltr'><strong>concessus</strong></span> <span class='ocrx_word' id='word_1_335' title='bbox 751 3936 809 4010; x_wconf 91' lang='lat' dir='ltr'><strong>est,</strong></span> <span class='ocrx_word' id='word_1_336' title='bbox 834 3949 899 3992; x_wconf 92' lang='lat' dir='ltr'><strong>non</strong></span> <span class='ocrx_word' id='word_1_337' title='bbox 923 3949 965 3990; x_wconf 87' lang='lat' dir='ltr'><strong>ex</strong></span> <span class='ocrx_word' id='word_1_338' title='bbox 987 3925 1051 3992; x_wconf 89' lang='lat' dir='ltr'><strong>alio</strong></span> <span class='ocrx_word' id='word_1_339' title='bbox 1076 3926 1150 4009; x_wconf 90' lang='lat' dir='ltr'><strong>fine,</strong></span> <span class='ocrx_word' id='word_1_340' title='bbox 1173 3926 1286 3990; x_wconf 91' lang='lat' dir='ltr'><strong>nisiut</strong></span> <span class='ocrx_word' id='word_1_341' title='bbox 1300 3933 1386 3989; x_wconf 90' lang='lat' dir='ltr'><strong>tran·</strong></span> 
     </span>
     <span class='ocr_line' id='line_1_38' title="bbox 95 4026 1386 4117; baseline -0.002 -25"><span class='ocrx_word' id='word_1_342' title='bbox 95 4026 240 4115; x_wconf 88' lang='lat' dir='ltr'><strong>quillitas</strong></span> <span class='ocrx_word' id='word_1_343' title='bbox 277 4029 514 4094; x_wconf 87' lang='lat' dir='ltr'><strong>communitatis</strong></span> <span class='ocrx_word' id='word_1_344' title='bbox 546 4030 643 4117; x_wconf 82' lang='lat' dir='ltr'><strong>hujus</strong></span> <span class='ocrx_word' id='word_1_345' title='bbox 667 4030 853 4095; x_wconf 92' lang='lat' dir='ltr'><strong>hominibus</strong></span> <span class='ocrx_word' id='word_1_346' title='bbox 876 4031 1023 4095; x_wconf 86' lang='lat' dir='ltr'><strong>veritatis</strong></span> <span class='ocrx_word' id='word_1_347' title='bbox 1047 4031 1178 4097; x_wconf 90' lang='lat' dir='ltr'><strong>divinae</strong></span> <span class='ocrx_word' id='word_1_348' title='bbox 1200 4027 1386 4093; x_wconf 86' lang='lat' dir='ltr'><strong>amantibus</strong></span> 
     </span>
     <span class='ocr_line' id='line_1_39' title="bbox 91 4132 1386 4220; baseline -0.001 -22"><span class='ocrx_word' id='word_1_349' title='bbox 91 4139 305 4220; x_wconf 89' lang='lat' dir='ltr'><strong>procuretur,</strong></span> <span class='ocrx_word' id='word_1_350' title='bbox 329 4133 411 4197; x_wconf 91' lang='lat' dir='ltr'><strong>sicut</strong></span> <span class='ocrx_word' id='word_1_351' title='bbox 435 4134 532 4197; x_wconf 91' lang='lat' dir='ltr'><strong>etiam</strong></span> <span class='ocrx_word' id='word_1_352' title='bbox 554 4133 728 4220; x_wconf 88' lang='lat' dir='ltr'><strong>petivimus</strong></span> <span class='ocrx_word' id='word_1_353' title='bbox 755 4156 812 4220; x_wconf 91' lang='lat' dir='ltr'><strong>pro</strong></span> <span class='ocrx_word' id='word_1_354' title='bbox 836 4132 1000 4199; x_wconf 89' lang='lat' dir='ltr'><strong>audienda</strong></span> <span class='ocrx_word' id='word_1_355' title='bbox 1022 4136 1158 4199; x_wconf 89' lang='lat' dir='ltr'><strong>veritate</strong></span> <span class='ocrx_word' id='word_1_356' title='bbox 1184 4132 1386 4213; x_wconf 86' lang='lat' dir='ltr'><strong>conservari,</strong></span> 
     </span>
     <span class='ocr_line' id='line_1_40' title="bbox 91 4237 1389 4323; baseline -0.002 -20"><span class='ocrx_word' id='word_1_357' title='bbox 91 4259 157 4303; x_wconf 94' lang='lat' dir='ltr'><strong>non</strong></span> <span class='ocrx_word' id='word_1_358' title='bbox 196 4244 302 4300; x_wconf 88' lang='lat' dir='ltr'><strong>autem</strong></span> <span class='ocrx_word' id='word_1_359' title='bbox 336 4237 394 4301; x_wconf 87' lang='lat' dir='ltr'><strong>tali</strong></span> <span class='ocrx_word' id='word_1_360' title='bbox 416 4237 541 4303; x_wconf 90' lang='lat' dir='ltr'><strong>occulte</strong></span> <span class='ocrx_word' id='word_1_361' title='bbox 564 4237 741 4323; x_wconf 89' lang='lat' dir='ltr'><strong>composito</strong></span> <span class='ocrx_word' id='word_1_362' title='bbox 765 4237 870 4302; x_wconf 84' lang='lat' dir='ltr'><strong>edicto</strong></span> <span class='ocrx_word' id='word_1_363' title='bbox 892 4239 1044 4304; x_wconf 85' lang='lat' dir='ltr'><strong>amoveri.</strong></span> <span class='ocrx_word' id='word_1_364' title='bbox 1089 4237 1172 4304; x_wconf 91' lang='lat' dir='ltr'><strong>Cum</strong></span> <span class='ocrx_word' id='word_1_365' title='bbox 1195 4259 1272 4323; x_wconf 83' lang='lat' dir='ltr'><strong>ergo</strong></span> <span class='ocrx_word' id='word_1_366' title='bbox 1295 4237 1389 4302; x_wconf 89' lang='lat' dir='ltr'><strong>aliter</strong></span> 
     </span>
     <span class='ocr_line' id='line_1_41' title="bbox 91 4338 1388 4430; baseline -0.003 -22"><span class='ocrx_word' id='word_1_367' title='bbox 91 4340 211 4408; x_wconf 86' lang='lat' dir='ltr'><strong>factum</strong></span> <span class='ocrx_word' id='word_1_368' title='bbox 232 4339 333 4406; x_wconf 88' lang='lat' dir='ltr'><strong>fuisse</strong></span> <span class='ocrx_word' id='word_1_369' title='bbox 356 4350 531 4429; x_wconf 88' lang='lat' dir='ltr'><strong>appareat,</strong></span> <span class='ocrx_word' id='word_1_370' title='bbox 566 4338 681 4403; x_wconf 91' lang='lat' dir='ltr'><strong>melius</strong></span> <span class='ocrx_word' id='word_1_371' title='bbox 714 4338 809 4405; x_wconf 93' lang='lat' dir='ltr'><strong>nobis</strong></span> <span class='ocrx_word' id='word_1_372' title='bbox 832 4351 881 4406; x_wconf 87' lang='lat' dir='ltr'><strong>est</strong></span> <span class='ocrx_word' id='word_1_373' title='bbox 903 4342 1014 4419; x_wconf 88' lang='lat' dir='ltr'><strong>abire,</strong></span> <span class='ocrx_word' id='word_1_374' title='bbox 1041 4364 1137 4430; x_wconf 88' lang='lat' dir='ltr'><strong>quam</strong></span> <span class='ocrx_word' id='word_1_375' title='bbox 1169 4339 1388 4429; x_wconf 89' lang='lat' dir='ltr'><strong>inquietudini</strong></span> 
     </span>
     <span class='ocr_line' id='line_1_42' title="bbox 95 4444 414 4533; baseline 0.003 -21"><span class='ocrx_word' id='word_1_376' title='bbox 95 4468 226 4512; x_wconf 89' lang='lat' dir='ltr'><strong>causam</strong></span> <span class='ocrx_word' id='word_1_377' title='bbox 246 4444 414 4533; x_wconf 86' lang='lat' dir='ltr'><strong>praebere.</strong></span> 
     </span>
    </p>

    <p class='ocr_par' dir='ltr' id='par_1_4' title="bbox 100 4547 1389 4740">
     <span class='ocr_line' id='line_1_43' title="bbox 181 4547 1389 4636; baseline 0.001 -21"><span class='ocrx_word' id='word_1_378' title='bbox 181 4548 330 4615; x_wconf 86' lang='lat' dir='ltr'><strong>Alteram</strong></span> <span class='ocrx_word' id='word_1_379' title='bbox 361 4547 460 4635; x_wconf 88' lang='lat' dir='ltr'><strong>hujus</strong></span> <span class='ocrx_word' id='word_1_380' title='bbox 486 4568 618 4612; x_wconf 84' lang='lat' dir='ltr'><strong>causam</strong></span> <span class='ocrx_word' id='word_1_381' title='bbox 650 4548 870 4635; x_wconf 86' lang='lat' dir='ltr'><strong>assignamus,</strong></span> <span class='ocrx_word' id='word_1_382' title='bbox 905 4568 1002 4636; x_wconf 89' lang='lat' dir='ltr'><strong>quam</strong></span> <span class='ocrx_word' id='word_1_383' title='bbox 1026 4548 1097 4635; x_wconf 83' lang='lat' dir='ltr'><strong>jam</strong></span> <span class='ocrx_word' id='word_1_384' title='bbox 1127 4556 1228 4613; x_wconf 87' lang='lat' dir='ltr'><strong>antea</strong></span> <span class='ocrx_word' id='word_1_385' title='bbox 1257 4548 1389 4617; x_wconf 91' lang='lat' dir='ltr'><strong>domino</strong></span> 
     </span>
     <span class='ocr_line' id='line_1_44' title="bbox 100 4649 1389 4740; baseline 0.003 -21"><span class='ocrx_word' id='word_1_386' title='bbox 100 4654 226 4720; x_wconf 90' lang='lat' dir='ltr'><strong>consuli</strong></span> <span class='ocrx_word' id='word_1_387' title='bbox 249 4663 282 4719; x_wconf 87' lang='lat' dir='ltr'><strong>et</strong></span> <span class='ocrx_word' id='word_1_388' title='bbox 304 4653 430 4718; x_wconf 87' lang='lat' dir='ltr'><strong>senatui</strong></span> <span class='ocrx_word' id='word_1_389' title='bbox 454 4649 702 4735; x_wconf 82' lang='lat' dir='ltr'><strong>notificavimus,</strong></span> <span class='ocrx_word' id='word_1_390' title='bbox 727 4650 855 4739; x_wconf 91' lang='lat' dir='ltr'><strong>quando</strong></span> <span class='ocrx_word' id='word_1_391' title='bbox 884 4650 1058 4718; x_wconf 89' lang='lat' dir='ltr'><strong>detulimus</strong></span> <span class='ocrx_word' id='word_1_392' title='bbox 1081 4660 1114 4717; x_wconf 89' lang='lat' dir='ltr'><strong>et</strong></span> <span class='ocrx_word' id='word_1_393' title='bbox 1142 4656 1312 4740; x_wconf 88' lang='lat' dir='ltr'><strong>conquesti</strong></span> <span class='ocrx_word' id='word_1_394' title='bbox 1329 4654 1389 4723; x_wconf 83' lang='lat' dir='ltr'><strong>fui·</strong></span> 
     </span>
    </p>
   </div>
   <div class='ocr_carea' id='block_1_3' title="bbox 0 0 1489 5040">
    <p class='ocr_par' dir='ltr' id='par_1_5' title="bbox 0 0 1489 5040">
     <span class='ocr_line' id='line_1_45' title="bbox 0 0 1489 5040; baseline 0 0"><span class='ocrx_word' id='word_1_395' title='bbox 0 0 1489 5040; x_wconf 95' lang='lat' dir='ltr'><strong> </strong></span> 
     </span>
    </p>
   </div>
  </div>
 </body>
</html>
