2948 5040
106 296 322 424 contendant,
351 345 391 406 ⁴ct
423 361 497 407 oum
530 340 723 409 difficultate
745 344 781 407 in
801 340 871 407 foro
907 364 962 408 eos
985 366 1005 408 a
1027 342 1227 408 seinvicem
1254 361 1407 429 separare

103 446 221 537 possit.
264 443 361 510 Dixit
393 453 500 512 autem
533 449 691 534 magister
724 446 939 513 Wenoeslaus
962 446 1077 526 Albus,
1101 452 1134 511 et
1161 444 1314 511 dominus
1348 445 1408 512 Jo-

104 571 227 618 annest
260 549 329 618 Gur
363 572 430 617 non
462 555 602 639 possetis
635 550 732 618 hodie
755 550 861 617 adhuc
899 560 1045 617 senatum
1067 551 1110 618 ad
1142 553 1266 619 curiam
1288 553 1407 629 citare,

102 655 167 725 hoc
189 656 384 724 enimfaeile
405 658 477 724 fieri
491 665 608 746 potest,
631 665 765 745 propter
787 656 996 722 securitatem
1033 658 1194 742 civitatis3
1232 658 1286 722 cui
1311 657 1408 722 etiam

102 761 328 831 consentiebat
350 761 462 844 Ssorff,
485 770 522 826 ut
543 761 607 826 hoc
629 761 695 826 fiat.
742 760 866 829 Consul
903 785 980 849 ergo
1004 764 1112 829 statim
1133 772 1234 829 totum
1258 770 1408 827 senatum

101 868 196 935 citari
212 867 314 956 jussit
335 865 378 931 ad
400 866 533 949 curiam,
557 887 632 931 cum
670 867 852 933 senioribus
888 869 1139 934 communitatis.
1185 867 1332 948 Quidam
1353 889 1407 931 au·

101 979 168 1040 tam
205 970 247 1038 de
281 970 388 1039 servis
423 967 588 1053 dixerunt,
625 969 802 1057 Georgium
837 971 941 1038 Ssurk
979 981 1011 1039 et
1042 972 1200 1038 Thomam
1233 969 1408 1037 Zachlubil

102 1084 333 1146 consenatores
371 1073 486 1161 procul
508 1072 629 1140 abinde
651 1072 810 1141 habitare.
845 1074 1029 1163 Respondit
1051 1078 1178 1143 consul:
1202 1081 1302 1145 citato
1328 1102 1408 1168 quos

101 1184 239 1272 potestis
271 1179 439 1268 plurimos,
471 1187 504 1248 et
527 1189 593 1245 tum
629 1179 671 1244 de
706 1178 801 1246 domo
832 1181 982 1247 exierunt
1015 1204 1137 1248 omnes.
1180 1185 1260 1251 Mox
1287 1183 1409 1250 deinde

99 1287 284 1354 Bohuslaus
313 1282 414 1374 pollio
437 1282 574 1350 obvians
598 1284 731 1368 eisdem,
756 1284 871 1350 eadem
893 1308 979 1352 nova
1000 1285 1066 1352 illis
1098 1291 1253 1355 narravit.
1300 1290 1407 1356 Vene-

100 1400 177 1460 runt
212 1413 293 1480 ergo
331 1389 373 1456 ad
410 1388 534 1463 curiam
556 1389 671 1455 consul
692 1411 766 1455 cum
789 1388 933 1473 Ssorffio,
957 1401 989 1456 ot
1011 1394 1107 1477 servi,
1130 1395 1172 1460 de
1195 1395 1315 1483 quibus
1339 1417 1406 1460 ser·

100 1497 151 1563 vis
172 1496 318 1563 Joannes
355 1494 468 1563 Makal
489 1494 661 1577 referebat,
697 1494 785 1582 quod
822 1497 976 1581 magister
999 1496 1124 1563 Passelr
1157 1510 1317 1567 venturus
1340 1521 1405 1565 non

99 1603 159 1685 sit,
195 1623 270 1668 oum
305 1623 391 1669 uxor
422 1601 473 1670 illi
509 1599 707 1683 dissuadeat,
742 1601 769 1664 si
808 1608 915 1666 tamen
945 1605 1123 1671 necessitas
1153 1627 1274 1692 magna
1296 1605 1407 1686 fuerit,

99 1715 136 1775 ut
166 1708 269 1774 altera
300 1708 375 1774 vice
407 1728 466 1796 pro
490 1728 526 1772 se
547 1706 669 1789 veniat,
717 1727 752 1770 se
777 1708 876 1772 etiam
901 1730 1090 1796 comparere
1111 1710 1215 1796 velle,
1259 1710 1407 1776 Joannes

99 1815 198 1882 etism
233 1814 276 1881 de
310 1814 407 1903 Zyka
442 1815 574 1881 lenione
608 1813 786 1902 expedivit,
825 1816 911 1904 quod
943 1818 1039 1882 etiam
1070 1815 1141 1902 jam
1163 1817 1198 1881 in
1235 1817 1324 1881 lecto
1346 1816 1408 1882 de·

100 1918 240 1988 cumbet.
284 1919 424 1986 Narrate
447 1941 524 2007 ergo
558 1917 641 1984 haee
673 1917 804 1984 fuerunt
847 1920 919 1985 ahie
953 1918 1176 2004 senatoribus,
1213 1922 1269 2007 qui
1293 1923 1330 1986 in
1353 1942 1406 1986 cn·

98 2025 149 2091 riu
190 2033 436 2110 convenerunt,
472 2023 550 2112 quid
595 2023 753 2089 Kulissek
798 2025 962 2110 retulerit,
998 2034 1031 2090 et
1076 2047 1158 2113 quae
1191 2045 1212 2088 a
1246 2027 1405 2111 magistro

98 2127 294 2197 Wonceslao
316 2152 391 2197 cum
414 2128 547 2195 domino
571 2128 700 2194 Joanne
723 2137 755 2194 et
788 2151 808 2193 a
836 2130 950 2218 judice
988 2152 1027 2197 ae
1064 2128 1228 2196 Bohuslao
1272 2137 1407 2195 narrata

97 2233 171 2311 sint,
213 2234 373 2300 Miserunt
395 2234 492 2301 simul
509 2232 656 2318 judicem
687 2231 729 2297 ad
751 2255 887 2320 parvam
911 2237 1052 2319 Partem,
1077 2243 1109 2301 et
1144 2232 1223 2321 quid
1246 2230 1294 2299 ibi
1329 2255 1405 2321 aga

98 2345 160 2422 tur,
182 2346 220 2405 ut
239 2338 368 2406 resciat
414 2337 561 2419 Quilibet
582 2346 689 2404 autem
712 2336 754 2402 de
775 2347 891 2405 senatu
915 2340 1061 2408 laudavit
1076 2344 1405 2423 hunccongressum3

98 2441 254 2510 dixerunt
285 2443 374 2509 enim
410 2443 504 2509 illum
535 2464 607 2509 esse
643 2441 756 2508 utilem
778 2443 875 2510 valde
909 2445 951 2512 ob
984 2448 1215 2533 provisionem,
1253 2453 1286 2509 et
1318 2443 1406 2532 quod

97 2547 305 2637 providentia
337 2546 497 2614 habeatur
530 2556 564 2612 et
600 2550 789 2616 aestimetur
810 2575 869 2639 pro
904 2555 1129 2639 generositate.
1165 2550 1405 2617 Convenerunt

97 2672 175 2741 orgo
197 2653 405 2736 unanimiter,
428 2661 465 2718 ut
486 2652 611 2718 reditus
642 2654 764 2742 judicis
788 2665 1006 2745 exspectetur,
1030 2667 1066 2722 ut
1089 2680 1131 2722 ex
1154 2657 1224 2744 ejus
1247 2655 1327 2721 data
1346 2678 1401 2722 no·

98 2758 171 2826 titis
197 2756 337 2843 intelligi
370 2758 484 2844 possit,
508 2757 586 2845 quid
609 2780 707 2844 agere
730 2764 952 2828 necessarium
977 2765 1027 2831 sit.
1071 2763 1160 2827 Dum
1183 2782 1260 2846 ergo
1294 2760 1403 2849 judex

95 2863 277 2945 mdivisset,
301 2862 487 2945 insinuavit,
522 2862 604 2928 nihil
627 2865 733 2930 similo
755 2865 803 2931 ibi
825 2865 941 2951 audiri,
965 2870 1030 2932 imo
1064 2865 1150 2955 quod
1179 2886 1253 2930 cum
1282 2865 1401 2952 judice

96 2971 366 3040 Parvo-Partensi
388 2973 585 3053 convenerit,
609 2974 718 3060 etqui
743 2974 772 3039 ei
794 2974 985 3056 narraverit,
1010 2971 1096 3058 quod
1119 2979 1194 3036 ante
1226 2990 1404 3057 vesperum

99 3077 203 3144 solum
226 3072 358 3164 quidam
380 3075 562 3141 mechanici
585 3076 620 3140 in
653 3076 782 3165 Oujezd
805 3086 919 3143 contra
942 3101 977 3144 se
1011 3077 1152 3143 invicem
1186 3096 1405 3142 consurrexe-

96 3181 181 3266 rint,
215 3179 273 3247 sed
301 3182 373 3269 jam
394 3181 505 3247 omnia
536 3190 653 3268 pacata
688 3183 763 3247 sint.
812 3181 951 3248 Senatus
974 3183 1037 3247 hoc
1059 3182 1196 3247 audiens
1221 3203 1296 3247 cum
1322 3202 1398 3268 gau·

97 3285 163 3372 dio,
184 3285 356 3353 laudantes
371 3285 480 3352 Deum
503 3285 734 3352 discesserunt.
779 3286 822 3352 Et
853 3288 949 3376 hujus
968 3296 1068 3352 testes
1090 3285 1229 3369 fuerunt,
1253 3295 1286 3352 et
1308 3302 1401 3375 prae·

96 3399 206 3458 sentes
226 3391 304 3457 illae
327 3389 368 3456 de
392 3400 508 3456 senatu
528 3414 699 3478 personae,
724 3414 807 3479 quae
829 3392 936 3458 adhuc
959 3414 1025 3458 non
1047 3393 1270 3457 incameratae
1291 3393 1328 3457 in
1352 3412 1398 3457 se·

96 3505 176 3564 natu
210 3504 439 3562 remanserunt
475 3497 545 3562 sine
568 3499 656 3562 omni
677 3496 878 3582 afflictione3
913 3519 1049 3586 nempe:
1073 3499 1217 3565 Joannes
1255 3496 1400 3580 Karban,

93 3598 287 3690 Brykczius,
320 3599 476 3683 Riehak,
513 3601 658 3667 Joannes
682 3601 877 3689 Pernykart
889 3651 898 3685 ,
920 3603 1101 3670 Benessius
1123 3602 1211 3686 Roh,
1235 3601 1401 3669 Henrious

95 3703 228 3789 Preffat,
252 3704 307 3792 qui
329 3704 502 3771 adfuerunt
535 3715 645 3789 testes,
671 3707 757 3795 quod
779 3706 871 3773 aliud
894 3707 977 3773 nihil
1013 3718 1130 3792 aetum,
1154 3729 1217 3773 nee
1238 3706 1401 3795 prolatum

97 3808 204 3893 fuerit,
226 3829 333 3896 neque
354 3810 471 3893 visum,
495 3833 592 3899 quam
630 3813 777 3900 exceptis
801 3812 851 3877 his
875 3814 1097 3898 senatoribus,
1120 3822 1153 3879 et
1183 3812 1400 3882 servientibus

96 3913 185 3983 illius
206 3913 373 3981 Mmialok
390 3914 531 4003 judicis,
545 3926 577 3983 et
597 3916 741 4003 hospites
765 3919 883 3984 curiae.

638 4088 786 4156 CAPUT
811 4090 859 4156 16.

96 4260 158 4328 Ubi
180 4272 326 4339 narratur,
350 4266 429 4343 quod
451 4264 581 4328 Joannes
606 4267 695 4347 Opitz
718 4284 785 4327 cnm
808 4268 987 4344 quibusdam
1008 4271 1224 4349 paroecialibus
1257 4272 1399 4355 Tovnen·

96 4351 180 4414 sibus
201 4353 240 4413 ad
261 4354 396 4413 senatum
417 4353 545 4432 ingrcssi
578 4355 698 4431 inerint,
731 4362 761 4414 et
783 4357 928 4432 quosdam
950 4357 1041 4417 laicos
1065 4367 1094 4418 et
1115 4359 1239 4419 clericos
1275 4376 1399 4422 accusa·

298 4441 407 4518 verint,
432 4451 461 4500 et
483 4437 570 4518 Zy‘ka
591 4443 674 4503 lanio
695 4443 895 4522 proditionem
932 4463 1016 4504 suam
1039 4446 1191 4523 inceperit.

180 4535 220 4603 In
234 4540 376 4605 maduo
390 4548 499 4606 autem
516 4542 552 4605 in
571 4543 687 4629 vigilia
699 4542 731 4609 S.
749 4543 917 4609 Laurentii
937 4546 965 4611 9.
982 4545 1069 4632 Aug.
1079 4545 1165 4613 1524
1179 4546 1260 4611 hora
1273 4545 1401 4614 decima

93 4642 192 4754 tetdo
203 4641 404 4730 paroeciales
416 4643 575 4712 ecclesias
583 4647 846 4737 Teynensisoum
855 4649 1050 4737 quibusdam
1063 4649 1135 4716 aliis
1159 4650 1406 4738 paroecialibus·
1431 4730 1435 4739 ι

80 4757 121 4806 us
138 4762 272 4828 laeuo
286 4766 432 4818 numero
453 4750 598 4842 ingressi
610 4762 687 4824 sunt
707 4751 922 4840 adsonatum,
941 4764 1143 4844 proponente
1154 4755 1284 4828 Joannc
1300 4757 1400 4846 Opiu
