2948 5040
128 153 173 225 'lb

127 325 215 392 mine
234 323 346 414 judex,
366 324 421 393 hic
440 323 617 392 Pickharta
637 347 764 392 mecum
783 326 958 396 contendit.
980 325 1083 410 Alter,
1106 335 1276 413 suspectus
1295 348 1422 415 nempe,

127 428 190 495 hoc
212 428 357 514 audiens,
387 429 571 518 respondit:
595 431 754 514 mentiris,
775 430 859 497 vade
872 432 935 496 tuis
949 432 1020 513 viis,
1043 431 1200 515 mentiris,
1224 429 1315 518 quod
1326 430 1420 496 Pick·

127 534 221 600 berta
258 554 318 619 ego
355 535 424 598 sim.
455 532 566 599 Judex
600 534 680 599 haec
702 534 847 619 audiens,
877 537 949 600 risit
970 558 1009 602 ac
1032 533 1116 600 dixit
1138 543 1311 622 suspecto:
1350 535 1423 601 Jam

128 660 217 704 nunc
237 636 397 724 intelligo,
419 636 504 702 bone
527 638 586 720 vir,
621 646 655 703 te
677 637 798 704 bonum
822 638 1033 705 christianum
1056 661 1136 720 esse,
1169 639 1255 704 vade
1277 638 1422 736 domum,

130 751 163 811 et
184 765 279 810 serva
299 765 424 830 pacem,
460 750 492 806 et
512 743 559 806 ita
580 741 622 807 ab
644 742 785 808 invicem
814 752 1028 808 recesserunt.
1076 742 1174 808 Certe
1206 743 1235 807 si
1268 742 1328 808 ille
1351 765 1419 808 sus-

128 857 241 937 pectus
273 848 372 913 fidem
403 868 494 912 suam
530 867 596 910 non
624 845 740 911 fuisset
761 846 936 934 professus,
971 848 1068 911 etiam
1090 869 1133 913 ex
1154 847 1287 912 civitate
1310 847 1421 933 pulsus

127 953 251 1035 fuisset,
285 961 341 1016 aut
376 951 490 1016 saltem
524 953 753 1032 incarceratuS,
791 960 823 1015 et
855 952 901 1015 ita
924 952 1007 1015 sicut
1039 951 1096 1015 alii
1127 949 1267 1015 afflictus
1289 949 1415 1034 finisset,

128 1079 265 1145 quorum
287 1055 455 1120 hominum
492 1075 610 1140 magna
632 1055 726 1141 copia
747 1054 817 1137 fuit,
851 1056 907 1142 qui
929 1055 1025 1120 aliter
1046 1054 1150 1120 rabiei
1181 1053 1238 1118 tali
1260 1056 1415 1120 resistere

128 1182 194 1226 non
215 1167 397 1247 potuerunt,
434 1159 498 1224 nisi
520 1158 632 1244 lingua
669 1167 701 1223 et
733 1158 872 1246 loquelis
903 1158 1110 1224 mordacibus
1144 1181 1178 1224 se
1200 1167 1413 1246 opponerent.

129 1263 251 1331 Clerici
283 1273 391 1329 autem
428 1262 560 1350 quidam
589 1284 663 1328 cum
686 1263 957 1347 administratore,
997 1262 1166 1328 audientes
1197 1260 1340 1327 subinde
1362 1284 1418 1350 per

128 1368 254 1458 plateas
278 1368 355 1433 talia
377 1368 528 1449 convitia,
564 1368 714 1450 riserunt,
749 1375 781 1432 et
812 1368 897 1432 inter
919 1389 955 1432 se
977 1367 1058 1433 haec
1080 1365 1306 1432 collaudantes
1330 1366 1417 1432 dixe·

130 1481 224 1556 runt,
247 1471 282 1536 id
303 1494 368 1536 non
392 1492 465 1535 esse
487 1470 745 1554 Pickhartorum,
785 1481 817 1537 et
838 1494 904 1537 non
926 1494 999 1537 esse
1020 1473 1222 1538 necessarias
1245 1469 1419 1537 admoniti-

131 1597 209 1643 ones
232 1577 264 1641 in
289 1575 448 1658 ecclesiis,
471 1575 530 1639 hos
554 1576 640 1639 enim
664 1596 736 1641 esse
758 1575 861 1642 bonos
884 1577 1088 1642 christianos.

145 1670 147 1674 ¹
218 1679 362 1767 Ideoque
386 1680 469 1744 sicut
489 1679 809 1765 Micr0·Pragenses
831 1679 913 1745 felix
934 1681 1062 1745 initium
1096 1702 1173 1745 suae
1203 1679 1311 1746 rabiei
1331 1701 1419 1745 more

132 1784 345 1872 pessimorum
376 1784 562 1849 animalium
595 1784 742 1850 fecerunt
764 1785 804 1850 de
834 1785 942 1850 aliena
963 1787 1116 1872 pharetra
1138 1787 1273 1872 sagittas
1307 1786 1425 1852 tollen·

133 1897 194 1972 tes,
216 1890 262 1954 ita
284 1889 466 1974 Pragenses
490 1889 530 1953 ab
553 1888 618 1953 illis
641 1891 793 1977 exempla
814 1890 900 1955 mala
922 1899 1138 1976 sumpserunt,
1177 1899 1209 1954 et
1231 1890 1355 1957 talibus
1374 1894 1422 1980 ju·

133 1993 352 2060 cunditatibus
382 1995 433 2061 usi
465 1994 602 2078 fuerunt,
637 2004 732 2080 prout
765 1993 944 2084 (daemoni)
993 2003 1025 2059 et
1047 1993 1241 2081 sequacibus
1265 1997 1340 2083 ejus
1362 1995 1425 2083 pla-

136 2101 223 2183 cuit3
247 2099 295 2164 illi
316 2122 394 2166 vero
426 2100 515 2186 prius
540 2098 572 2162 id
595 2121 803 2185 praesumere
826 2121 892 2165 non
924 2100 994 2163 ausi
1017 2099 1157 2181 fuerunt,
1190 2099 1255 2163 nisi
1277 2099 1426 2176 viderint,

133 2201 232 2290 hujus
255 2204 341 2292 apud
363 2204 665 2288 Micr0·Pragenses
688 2204 839 2286 audaces,
863 2204 1079 2290 impudentes,
1111 2213 1143 2268 et
1164 2205 1252 2268 omni
1276 2206 1423 2269 aestima-

136 2309 226 2373 tione
248 2329 368 2372 vacuos
393 2329 590 2374 successum.
626 2308 708 2371 Nam
733 2308 828 2373 facilc
851 2318 900 2373 est
930 2308 1026 2372 stulto
1055 2307 1203 2372 fraenum
1224 2307 1352 2385 laxare,
1387 2317 1421 2372 ut

135 2412 192 2477 alii
209 2413 307 2498 juxta
343 2413 429 2475 hunc
464 2411 617 2476 stultitias
651 2421 790 2477 tractare
823 2415 958 2500 possint.
978 2405 981 2410 ’
1003 2411 1039 2476 Si
1071 2411 1377 2496 Micro-Pragenses
1409 2434 1427 2476 a

136 2515 330 2602 quibusdam
352 2516 392 2579 de
416 2524 501 2580 statu
523 2515 681 2580 baronum
706 2526 738 2580 et
761 2519 904 2603 equitum
929 2519 1079 2581 instructi
1100 2538 1167 2580 non
1189 2516 1341 2600 fuissent,
1364 2538 1424 2581 non

137 2629 186 2685 est
208 2619 374 2702 credibile,
398 2619 482 2706 quod
505 2620 662 2685 auderent
683 2630 738 2685 aut
761 2624 881 2687 scirent
906 2646 958 2688 res
982 2623 1103 2688 similes
1127 2631 1260 2705 tentare,
1284 2645 1371 2710 quae
1390 2623 1426 2687 ab

136 2726 230 2788 initio
253 2746 460 2811 praesumere
482 2726 552 2788 ausi
576 2725 714 2807 fuerunt,
738 2739 914 2809 currentes,
947 2738 983 2791 ut
1004 2727 1111 2792 rabidi
1134 2727 1223 2815 (nam
1246 2747 1314 2790 non
1338 2728 1427 2792 aliter

138 2829 232 2894 decet
255 2828 296 2893 de
328 2828 447 2893 talibus
480 2829 581 2916 loqui)
615 2853 674 2917 per
695 2830 831 2916 Augend
863 2841 895 2896 et
926 2833 1203 2916 Micro-Pragam
1227 2834 1357 2914 armati,
1396 2834 1427 2897 in

53 3006 58 3021 Ι
139 2933 253 3000 domos
276 2933 393 2998 multas
416 2933 581 3018 pulsantes
605 2943 637 2999 et
658 2936 692 2998 in
714 2934 795 2998 alios
819 2957 914 2999 omen
936 2935 1179 3000 Pickbarticum
1202 2935 1285 3000 false
1318 2946 1351 3000 et
1373 2936 1423 3000 do·

138 3039 207 3104 lose
228 3048 467 3125 praetexentes,
490 3062 602 3106 cursus
626 3047 658 3103 et
680 3049 770 3103 actus
794 3061 868 3104 suos
893 3049 1001 3126 turpes
1023 3039 1158 3125 perinde
1181 3039 1367 3126 palliantes.

222 3145 369 3210 Tandem
394 3145 495 3210 altera
518 3146 571 3208 die
594 3144 785 3231 Pragenses,
809 3152 844 3207 ut
866 3143 986 3208 dictum
1010 3143 1080 3225 fuit,
1104 3142 1243 3229 cbquod
1268 3166 1344 3207 oum
1368 3143 1427 3209 illis

139 3253 365 3317 commercium
375 3249 565 3330 habuerunt,
588 3248 668 3314 illud
690 3248 902 3335 perfecerunt,
924 3248 982 3312 ubi
992 3247 1293 3332 Micrc·Pragenses
1315 3250 1429 3313 iterum

141 3356 182 3422 ab
204 3357 256 3421 his
280 3356 465 3442 exemplum
489 3362 694 3441 sumpserunt
715 3374 773 3439 pro
788 3354 885 3416 variis
908 3350 1138 3416 afflictionibus
1154 3373 1283 3423 suorum
1300 3352 1428 3430 civium,

139 3470 265 3530 tantum
288 3483 352 3525 non
377 3483 396 3524 a
419 3459 570 3524 carnifice
593 3457 789 3542 infligendis,
824 3458 919 3521 etiam
955 3467 986 3518 et
1009 3455 1070 3519 hoc
1101 3455 1275 3537 fecissent,
1306 3467 1344 3520 ut
1367 3458 1430 3523 vita

139 3565 213 3631 illos
234 3566 459 3652 privavissent,
483 3566 510 3628 si
533 3563 574 3628 ad
611 3562 768 3649 quosdam
791 3562 879 3626 cives
916 3560 956 3625 ob
979 3558 1160 3623 absentiam
1184 3581 1295 3622 eorum
1318 3581 1426 3624 acces·

141 3691 212 3735 sum
235 3668 355 3734 habere
376 3670 567 3755 potuissent,
592 3687 726 3753 quorum
750 3675 858 3730 tamen
881 3664 1191 3750 omnium‘primarii
1215 3672 1247 3727 et
1277 3664 1429 3729 authores

141 3753 271 3838 fuerunt
303 3775 338 3838 in
360 3773 422 3838 hac
443 3772 524 3837 urbe
553 3771 685 3857 quidam
707 3769 973 3835 bartholomaeus
995 3769 1123 3849 Nozirz,
1160 3778 1192 3830 et
1214 3767 1310 3832 Vitus
1333 3767 1430 3833 Zelec

141 3878 220 3942 dicti
245 3880 405 3959 concives,
429 3887 461 3942 et
477 3878 580 3963 jurati
603 3875 747 3939 seniores
771 3875 1026 3957 communitatis;
1051 3870 1139 3960 apud
1161 3870 1234 3935 illos
1258 3873 1347 3936 enim
1364 3874 1434 3960 jam

143 3978 329 4046 debilitatus
354 3981 566 4046 senatus'fuit
588 3988 720 4067 propter
742 3979 912 4044 tumultum
935 3976 1030 4064 hujus
1055 3977 1205 4057 civitatis,
1230 3977 1285 4061 qui
1309 3977 1338 4040 si
1362 3998 1431 4042 cum

143 4078 224 4150 sana
246 4085 419 4172 prudentia
454 4085 679 4167 stultisassent,
709 4083 836 4148 facilius
869 4081 999 4146 tolerari
1028 4081 1195 4167 potuisset,
1227 4100 1302 4144 cum
1324 4089 1430 4146 autem

142 4188 315 4275 pecoribus
338 4188 460 4253 similes
481 4188 610 4270 fuerint,
634 4196 667 4251 et
688 4187 770 4252 alios
792 4189 827 4251 in
850 4204 1054 4250 morcs‘suos
1088 4185 1318 4270 pertraxerint,
1358 4185 1429 4250 ideo

145 4293 238 4378 digni
259 4315 325 4357 non
351 4302 434 4374 sunt,
468 4302 504 4356 ut
525 4295 560 4356 in
581 4292 780 4379 proprietate
797 4290 902 4355 bonae
925 4288 1093 4376 prudentis
1114 4296 1249 4353 naturae
1272 4287 1432 4354 humanae

144 4404 445 4460 commemorentur.
481 4394 546 4458 Hic
578 4395 663 4458 enim
697 4392 974 4473 BartholomaeuS,
1013 4391 1161 4478 quamvis
1191 4392 1370 4477 imaginem
1404 4401 1432 4457 et

143 4520 316 4588 personam
339 4498 478 4564 hominis
502 4498 662 4581 habuerit,
696 4507 787 4563 actus
821 4504 930 4561 tamen
960 4495 1118 4560 humanos
1141 4495 1244 4560 bonos
1268 4517 1431 4585 nunquam

145 4589 302 4687 exhibuit,
332 4603 543 4670 humanorum
566 4603 818 4670 infortuniorum
841 4623 964 4683 amans,
1000 4600 1119 4664 famam
1143 4609 1175 4662 et
1198 4599 1355 4665 honorem
1377 4599 1430 4666 ali·

146 4731 237 4776 orum
260 4710 425 4776 hominum
447 4731 515 4799 ‚ore
545 4708 722 4798 impudico,
756 4717 789 4772 ct
819 4703 1022 4771 sermonibus
1054 4704 1152 4768 nimis
1174 4701 1313 4788 levibus,
1347 4723 1432 4770 more
