2948 5040
1295 165 1343 238 78

51 339 191 426 legatur,
228 344 261 404 et
284 334 408 425 siquis
430 332 554 424 aliquid
586 336 735 404 omittere
768 336 877 422 vellet,
911 343 966 404 aut
986 337 1151 404 immutari
1188 344 1221 405 et
1253 339 1343 409 aliud

49 443 142 531 poni,
165 441 200 508 id
222 441 304 507 nulli
327 438 526 522 admittatur,
549 439 657 507 nullus
681 442 767 506 enim
788 440 894 509 bonae
915 444 1034 508 mentis
1056 441 1117 508 bac
1139 444 1257 510 astutia
1278 454 1345 511 ute·

52 557 117 629 tur,
151 554 188 625 ut
210 567 270 610 nos
292 543 334 609 ab
356 545 571 610 unanimitate
602 544 790 628 abduceret,
827 547 891 611 nisi
924 545 1008 612 forte
1030 547 1087 635 qui
1116 569 1152 614 se
1175 548 1344 616 vindicare

53 654 156 721 vellet
179 652 220 718 ob
243 659 389 717 nostrum
412 652 623 740 propositum.
819 728 821 734 Ι

141 757 241 841 Item3
265 759 450 845 quicunque
471 756 611 843 relegati·
632 766 707 822 sunt
729 757 771 822 de
793 759 911 824 minori
941 756 1023 823 urbe
1046 757 1213 844 Pragensi,
1252 767 1284 823 et
1305 758 1347 824 de

52 860 203 948 Augezd,
228 868 260 924 et
281 860 355 925 illos
374 862 414 925 'in
436 861 571 948 antiqua
592 862 724 927 civitate
747 860 879 950 quidam
893 869 1095 951 receperunt,
1119 859 1237 926 talibus
1255 884 1345 926 man-

53 967 160 1048 detur,
184 967 211 1028 si
233 963 360 1047 adsunt,
384 973 420 1029 ut
440 965 525 1030 intra
546 964 689 1030 triduum
711 965 881 1053 recedant3
906 969 934 1031 si
956 975 1073 1048 autem,
1098 965 1153 1052 qui
1176 986 1232 1029 eos
1255 987 1345 1030 rece·

53 1072 121 1158 pit,
144 1069 179 1134 id
200 1069 308 1134 facere
331 1068 484 1143 renuerit,
507 1067 595 1133 idem
616 1069 689 1156 ipse
710 1091 775 1135 uua
797 1092 871 1136 cum
893 1069 1012 1136 talibus
1033 1068 1187 1154 relegatis
1210 1068 1250 1132 de
1266 1068 1347 1135 urbe

58 1182 167 1256 exeat,
191 1181 223 1239 et
245 1172 273 1237 01
284 1171 376 1247 tales,
399 1172 455 1259 qui
475 1170 549 1236 illos
571 1183 773 1261 receperunt,
799 1174 865 1239 sint
886 1172 1031 1262 ejusdem
1055 1171 1251 1238 conditionis
1274 1195 1348 1238 cum

57 1277 211 1365 receptis,
234 1274 320 1364 quod
344 1297 379 1340 se
402 1274 443 1340 de
465 1274 530 1341 fide
547 1277 683 1364 jactent,
706 1277 901 1345 boniautem
925 1276 1007 1343 nihil
1019 1285 1128 1363 agant,
1151 1276 1349 1364 talesaeque

54 1381 149 1448 abire
172 1387 340 1467 cogantur.

148 1483 232 1548 Item
270 1482 483 1548 communitas
516 1484 620 1571 major
652 1484 687 1548 in
722 1482 784 1549 hoc
805 1483 955 1566 assensit,
992 1504 1032 1548 ac
1065 1483 1195 1549 domino
1218 1484 1344 1551 consuli

55 1589 181 1675 totique
211 1587 336 1651 senatui
369 1586 546 1670 mandavit,
580 1595 616 1652 ut
645 1587 787 1654 civitatis
823 1588 1088 1653 communitatem
1120 1590 1282 1675 integram
1303 1588 1346 1655 ad

54 1693 140 1758 haec
163 1692 271 1767 citent,
311 1700 346 1756 ut
378 1713 496 1778 nempe
519 1690 657 1779 quilibet
690 1690 905 1779 personaliter
937 1689 1014 1755 data
1036 1713 1134 1756 manu
1155 1693 1345 1781 profiteatur

56 1796 159 1862 talem
183 1794 225 1860 ad
247 1816 346 1882 supra
368 1794 455 1860 dicta
478 1816 682 1878 consensum,
704 1794 827 1882 illaque
850 1794 959 1858 omnia
981 1797 1099 1882 exequi
1121 1799 1295 1882 promittat,
1319 1807 1351 1863 et

57 1902 116 1989 qui
138 1898 333 1988 promiserit,
355 1898 412 1964 ille
435 1897 494 1964 sub
515 1896 579 1963 hoc
602 1894 771 1964 consensu
779 1897 1011 1965 subscribatur.
1054 1897 1174 1964 Actum
1203 1896 1246 1966 in'
1262 1922 1347 1966 com·

54 2006 225 2087 munitate,
247 2012 283 2068 ut
307 2024 414 2089 supra.

144 2109 189 2173 Hi
213 2117 288 2173 sunt
323 2106 373 2173 illi
395 2105 556 2192 praeclari
586 2103 715 2170 articuli
736 2127 757 2169 a
778 2105 999 2192 Pragensibus
1037 2109 1192 2189 conclusi,
1231 2105 1349 2193 quibus

57 2211 290 2297 obligationem
313 2211 434 2277 civium
462 2208 716 2292 adstrinxerunt,
754 2207 796 2274 ad
820 2231 904 2297 quae
927 2232 962 2275 se
986 2224 1051 2276 tam
1074 2214 1201 2277 intense
1224 2210 1351 2295 obliga·

59 2326 183 2401 verunt,
218 2325 253 2381 ut
283 2314 490 2403 postmodum
512 2337 573 2378 rex
594 2312 820 2381 Ferdinandus
844 2324 974 2382 coactus
996 2316 1102 2399 fuerit,
1135 2315 1209 2381 illos
1232 2315 1266 2379 vi
1290 2314 1349 2379 eri·

56 2418 378 2508 pereetannihilare.
401 2418 454 2483 De
477 2441 539 2506 quo
562 2427 676 2505 agetur
699 2417 781 2483 libro
804 2428 927 2505 quarto,
951 2421 1085 2507 001121.
1108 2440 1189 2506 quos
1213 2439 1351 2506 aequum
1424 2480 1427 2490 ,

56 2532 119 2606 est,
141 2524 195 2589 vel
217 2523 360 2607 laudare,
395 2536 451 2588 aut
481 2526 674 2611 vituperare,
704 2525 801 2611 juxta
823 2533 971 2589 naturam
994 2523 1168 2612 cujuslibet
1200 2522 1351 2606 hominis,

55 2630 112 2694 cui
131 2629 203 2715 quis
226 2628 381 2716 proclivis
404 2637 462 2693 est.

591 2817 750 2895 ‘CAPUT
773 2819 826 2885 26.

55 2948 95 3005 In
119 2964 178 3022 quo
208 2946 317 3023 agitur,
351 2949 498 3021 quomodo
526 2947 696 3022 Pragenses
727 2954 794 3024 post
827 2945 997 3004 conclusum
1031 2946 1135 3003 horum
1158 2943 1351 3004 articulorum

56 3052 128 3093 cum
151 3033 265 3093 civibus
301 3033 362 3091 suis
386 3035 511 3111 egerint,
547 3034 618 3092 dum
653 3034 747 3092 bonos
781 3042 811 3091 et
834 3032 972 3108 pacificos
1007 3031 1140 3090 homines
1164 3030 1351 3105 afflixerunt,

281 3121 324 3179 ita
346 3123 425 3196 quod
449 3138 525 3181 unus
549 3119 635 3178 alteri
656 3119 751 3202 libere
773 3118 856 3196 loqui
888 3139 947 3178 non
970 3118 1008 3176 sit
1030 3137 1129 3178 ausus.

148 3271 236 3336 Dum
275 3293 309 3335 se
332 3273 442 3358 itaque
476 3294 548 3336 cum
572 3272 802 3335 communitate
826 3270 1083 3357 conjunxissent,
1122 3266 1239 3337 et'sibi
1262 3266 1351 3332 illam

57 3376 237 3462 obligatam
271 3373 499 3462 reddidissent,
534 3373 616 3439 illud
628 3383 720 3438 -actu
743 3375 805 3439 hoc
827 3373 1107 3454 confirmaverunt,
1146 3371 1232 3458 quod
1254 3369 1351 3458 paulo

40 3490 136 3570 ‘post
170 3478 345 3545 aconsule
380 3488 412 3543 ct
434 3477 636 3544 senatoribus
673 3477 871 3565 incipiendo,
908 3499 1012 3565 usque
1045 3476 1088 3540 ad
1111 3497 1223 3540 omnes
1261 3475 1350 3540 cives

58 3584 214 3671 stipulata
236 3606 334 3648 manu
357 3584 483 3648 consuli
505 3584 646 3648 invicem
670 3583 766 3647 totius
790 3580 1038 3663 communitatis
1071 3580 1248 3645 secundum
1273 3601 1351 3644 con·

57 3687 263 3754 suetudinem
296 3689 356 3753 hos
393 3690 543 3752 articulos
580 3690 663 3752 tueri
701 3698 734 3753 ot
771 3687 946 3752 defendere
985 3686 1203 3773 promiserint,
1247 3693 1279 3748 et
1316 3683 1351 3748 id

56 3783 183 3858 factum
202 3792 264 3857 hoc
286 3794 395 3863 modo,
434 3795 526 3879 quasi
549 3792 589 3857 de
612 3814 696 3858 novo
715 3794 771 3879 jus
795 3791 892 3856 civile
915 3798 1126 3871 assumerent,
1167 3788 1224 3855 sed
1248 3788 1351 3853 solum

59 3897 123 3962 hoo
145 3895 265 3960 facum
290 3905 339 3961 est
360 3897 444 3986 illis,
460 3898 559 3983 quiin
584 3898 736 3962 citatione
759 3897 998 3979 communitatis
1027 3893 1190 3959 antedicta
1211 3895 1352 3980 separati

55 4001 190 4068 fuerunt
223 3999 264 4064 ab
287 3999 347 4082 his,
386 4022 466 4087 quos
499 3998 664 4088 suspectos
687 4001 722 4064 in
745 4010 833 4065 secta
856 3998 1063 4064 Pickhartica
1086 3999 1276 4080 habuerunt,
1312 4007 1344 4063 et

57 4107 101 4172 ad
125 4099 304 4171 conventus
335 4107 573 4170 communitatis
603 4108 715 4170 vocari
737 4127 802 4170 non
825 4104 982 4185 solebant,
1006 4105 1088 4167 siout
1110 4113 1206 4167 antea
1229 4102 1352 4168 dictum

56 4215 130 4280 fuit.
177 4212 264 4293 Quid
286 4233 363 4277 vero
386 4212 521 4276 ulterius
551 4231 625 4275 cum
647 4210 767 4275 talibus
791 4210 950 4297 suspectis
972 4207 1094 4273 factum
1115 4208 1213 4272 fuerit
1235 4217 1267 4271 et
1290 4229 1352 4294 quo
1375 4215 1376 4221 ’

56 4319 134 4385 11100
159 4319 327 4398 verterint,
362 4319 395 4380 in
420 4316 502 4381 libro
537 4314 680 4380 secundo
711 4314 897 4380 recensebo.
942 4315 1007 4379 Hic
1030 4314 1231 4380 solummodo
1254 4338 1352 4381 anno·

57 4423 191 4504 tabitur,
227 4421 313 4514 quod
347 4429 422 4506 post
458 4421 520 4484 tale
555 4420 743 4485 conclusum
778 4420 987 4485 articulorum
1020 4422 1164 4485 severius
1188 4420 1352 4484 cumillis

58 4527 214 4614 egerint,
233 4526 274 4591 ob
307 4524 532 4611 exequendam
566 4547 657 4589 suam
692 4525 810 4589 malam
843 4526 1065 4589 intentionem.
1109 4523 1352 4589 Afflictionibus

38 4631 148 4698 'enim
184 4631 284 4695 variis
305 4704 308 4708 Α
330 4630 419 4694 cives
443 4639 475 4693 et
516 4631 637 4695 amicos
672 4651 747 4694 suos
771 4651 873 4711 caros,
913 4640 944 4693 et
976 4630 1123 4695 homines
1163 4630 1352 4693 innocentes

57 4742 291 4818 oneraverunt,
320 4731 509 4820 judicantes
543 4754 578 4798 se
607 4735 654 4802 ita
675 4733 748 4800 Deo
771 4733 909 4819 servire,
942 4740 1044 4821 atque
1064 4731 1306 4809 decreuerunt,
1332 4738 1381 4789 uu
