2948 5040
1294 162 1372 241 lii·

61 346 161 431 biles,
198 367 296 436 qnam
326 346 547 415 aestimabiles
561 388 564 393 -
580 354 770 432 erensmnt,
798 342 938 435 ideoque
958 352 1055 435 prout
1072 344 1228 434 possibile
1248 342 1357 428 fuerit,

59 452 221 535 ordinem,
244 451 424 531 secundum
450 452 612 540 judicium
633 475 750 535 meum,
785 447 929 516 debitum
950 471 1016 522 non
1039 450 1206 519 excedam.
1250 447 1358 550 Qrede

62 559 171 644 igitur,
189 556 265 622 dum
278 557 439 623 scribatur
450 578 554 634 annus
567 559 764 631 securitate
774 556 834 621 filii
845 542 910 620 Dei
924 555 1021 638 1524,
1042 555 1165 642 Regem
1177 554 1359 621 instituisse
1399 623 1401 627 ,

65 663 196 728 comitia
211 663 246 727 in
257 684 332 728 arce
343 662 500 748 Pragensi
515 674 574 750 p'ro
586 661 639 728 die
651 662 872 727 conversionis
886 661 918 739 S,
929 660 1022 727 Psuli
1033 659 1102 740 (26.
1112 659 1135 725 J
1136 666 1213 743 en),
1237 671 1269 726 et
1289 659 1358 746 qui·

10 798 12 805 v
62 765 141 832 dem'
161 767 310 857 omnibus
334 767 479 850 statibus,
516 767 608 833 laicis
629 775 662 832 et
683 766 820 848 clericis,
854 762 1003 852 adquae
1023 784 1143 851 magna
1164 766 1259 851 copia
1280 763 1360 830 cleri
1444 798 1447 807 ,

62 870 122 936 sub
144 879 291 960 utraque,
329 879 363 936 et
385 870 444 936 sub
469 893 534 955 una
556 870 666 959 specie
687 869 954 936 commrmicantis
976 869 1135 950 convenit.
1180 866 1361 934 Videbatur

62 986 172 1041 autem
208 974 400 1062 quibusdam
432 973 679 1041 notabilioribus
708 974 750 1040 de
782 981 868 1039 statu
899 972 1103 1039 dominorum
1139 980 1173 1038 et
1206 972 1358 1059 equestri,
1437 966 1440 973 ’

60 1078 140 1159 item
161 1078 390 1164 Pragensibus,
424 1089 460 1144 ut
491 1086 606 1167 rigatur
637 1103 711 1146 cum
743 1089 835 1167 perte
863 1074 1010 1146 Romana
1041 1078 1083 1144 de
1117 1077 1359 1143 confirmatione

64 1186 340 1272 compactaterum
377 1190 452 1250 cum
485 1186 562 1251 sede
583 1187 739 1270 Romena,
774 1194 806 1251 et
827 1187 890 1252 hoe
921 1185 1018 1251 modo
1051 1184 1177 1255 occulta
1208 1181 1360 1272 decipula

63 1310 229 1376 unapars
258 1288 352 1354 alteri
385 1299 572 1356 construere
593 1289 793 1374 intendebat,
832 1288 892 1355 sub
924 1287 998 1354 velo
1029 1288 1154 1354 futurae
1183 1296 1360 1376 perpetuas

32 1463 33 1466 ,
64 1395 169 1482 pacis,
200 1385 298 1481 'prout
329 1392 428 1478 infra
445 1394 618 1478 videbitur,
653 1395 694 1461 de
717 1415 780 1482 quo
803 1395 900 1460 etiam
917 1395 956 1458 in
978 1391 1091 1458 ordine
1112 1392 1236 1481 primae
1257 1393 1359 1480 partis

64 1497 225 1586 quaedem
245 1497 408 1563 insinuata
429 1498 566 1566 fuerumt
588 1500 773 1588 Antequam
794 1507 902 1565 autem
914 1497 1130 1587 aliquaagers
1146 1496 1359 1584 incepissent,

64 1604 172 1669 clerus
192 1603 296 1690 partis
317 1603 378 1693 sub
399 1613 535 1693 utreque
568 1627 628 1672 son
652 1606 752 1672 semel
775 1601 991 1671 conveniebat
1013 1603 1049 1666 in
1072 1600 1208 1688 collegio
1230 1623 1360 1696 magne,

62 1707 217 1795 impletus
239 1709 354 1796 spiritu
375 1710 564 1798 iniquitatis,
601 1712 637 1776 in
658 1732 722 1798 que
745 1716 906 1776 conventu
934 1706 1090 1773 sathanae
1111 1695 1360 1783 instrumentum

63 1813 307 1880 administrator
327 1837 387 1901 pro
407 1815 472 1880 illis
487 1810 627 1881 'missam
650 1823 812 1881 cantatam
833 1814 875 1880 de
897 1812 1011 1902 spiritu
1032 1820 1143 1878 sancto
1172 1811 1360 1892 celebravit,

64 1908 99 1982 ut
120 1917 328 2005 propositum
350 1918 526 1988 eorundem
548 1918 696 1992 dolosum
739 1927 771 1986 et
792 1919 998 1985 insidierium
1030 1921 1169 1989 feliciter
1200 1915 1361 1983 suecedet.

61 2021 143 2088 Post
166 2021 248 2088 haee
269 2023 460 2111 inceperunt
481 2046 578 2111 agere
599 2025 635 2089 in
657 2047 731 2091 arce
746 2024 923 2110 Pragensi3
947 2025 1033 2114 quali
1045 2033 1152 2101 autem
1175 2023 1287 2091 ordine
1298 2022 1362 2091 boc

61 2127 270 2214 processerit,
306 2129 378 2216 quis
411 2151 477 2195 non
510 2128 703 2195 mirabitur?
743 2151 816 2194 cum
845 2116 926 2195 illud
958 2129 1012 2214 hic
1042 2129 1155 2205 ordine
1184 2128 1361 2216 antiquitus

65 2240 223 2299 consuetu
245 2238 354 2298 aetum
387 2254 452 2300 non
484 2233 596 2319 fuerit3
629 2234 782 2323 princeps
803 2255 882 2300 vero
905 2232 1041 2300 Carolus
1063 2231 1277 2322 personaliter
1298 2229 1363 2297 sibi

68 2335 180 2400 locum
198 2339 322 2424 regium
345 2360 419 2404 cum
441 2337 571 2405 domino
593 2338 682 2423 Low,
696 2338 1081 2426 hoetemporerenovato
1104 2358 1253 2426 supremo
1265 2335 1362 2420 burg·

67 2439 192 2526 gravio,
212 2444 395 2532 assumpsit,
416 2465 610 2532 proponens,
643 2443 730 2532 quad
751 2453 817 2509 tem
838 2443 909 2529 has,
931 2465 1028 2532 quam
1051 2443 1131 2509 alias
1152 2460 1205 2508 res
1224 2462 1362 2539 regnum
1424 2489 1427 2496 .

65 2555 303 2613 concernentes
328 2571 402 2613 cum
426 2571 587 2617 consensu
608 2551 705 2616 totius
727 2550 820 2637 regni
841 2571 939 2637 agere
962 2558 995 2614 et
1022 2545 1215 2615 concludere
1237 2545 1363 2612 debeat·

62 2649 200 2715 Initium
230 2666 309 2717 vero
341 2675 401 2741 per
421 2653 602 2741 Pragensss
635 2653 757 2719 factum
779 2653 841 2719 hoo
862 2652 974 2719 modo:
1018 2653 1199 2740 Pregenses
1223 2649 1363 2739 quadam

64 2754 131 2839 die,
156 2763 201 2821 st
221 2759 365 2823 maxime
386 2761 540 2847 magister
561 2761 705 2827 Joannes
727 2757 852 2824 Passek
875 2757 990 2824 author
1011 2757 1107 2846 hujus
1129 2756 1303 2846 primarius
1324 2754 1360 2820 in

63 2867 152 2924 statu
174 2860 274 2939 civili,
307 2866 498 2931 convocavit
519 2866 780 2931 communitatem
801 2865 836 2928 in
858 2864 990 2946 curiam,
1018 2861 1080 2927 bae
1103 2861 1301 2944 confusione,
1325 2865 1362 2924 ut
1425 2948 1429 2957 .

64 2965 169 3052 prius,
203 2964 261 3057 ubi
280 2966 337 3033 ille
359 2990 432 3034 cum
454 2967 672 3056 Pragensibus
701 2970 786 3035 inter
808 2969 872 3035 elsa
893 2968 934 3034 ds
957 2966 1166 3056 compactatis
1187 2985 1361 3056 proposue-

27 3084 30 3090 ’
64 3076 143 3134 runt
173 3077 209 3134 et
226 3091 341 3161 omnes
363 3073 407 3138 ad
429 3094 621 3140 consensum
643 3075 759 3141 horum
781 3073 841 3140 s'ub
866 3072 1006 3163 quodam
1028 3071 1101 3139 velo
1122 3077 1362 3161 persuaserunt.

65 3172 218 3240 Tandem
249 3177 285 3242 in
314 3199 391 3244 erce
422 3180 576 3266 magister
620 3178 746 3246 Passelr
776 3180 900 3268 primus
937 3186 1014 3244 tuno
1044 3177 1157 3244 consul
1189 3174 1364 3262 Pragensis

66 3281 327 3368 correspondens
350 3305 423 3350 cum
446 3283 639 3373 quibusdam
662 3285 758 3350 sociis
780 3284 881 3350 durae
896 3283 1042 3369 cervicis,
1071 3304 1137 3349 non
1159 3279 1366 3369 exspectarit·

66 3392 148 3451 vota
169 3386 383 3470 dominorum,
407 3410 479 3455 ‘nec
501 3390 654 3477 equitum,
691 3388 1016 3478 nequeueluntatem
1038 3387 1174 3454 aliarum
1196 3386 1364 3452 civitatum

67 3488 218 3581 audiens,
252 3501 347 3578 prout
368 3493 448 3560 elias
482 3497 622 3584 antiquis
644 3494 844 3585 temporibus
866 3494 975 3561 fiebat.
1019 3491 1086 3561 Sed
1117 3490 1295 3557 insinuavit
1328 3508 1364 3554 se

68 3592 141 3660 loco
165 3596 263 3661 totius
287 3601 524 3666 communitatis
545 3601 730 3688 Pragensis,
765 3600 849 3667 sieut
880 3608 977 3666 antea
1008 3597 1095 3683 dixi3
1131 3619 1205 3662 cum
1227 3616 1270 3661 ex
1290 3614 1363 3682 pro·

68 3699 158 3767 fesso
180 3703 362 3791 Pragenses
384 3707 501 3785 multos
524 3709 613 3775 cives
644 3728 722 3773 suos
744 3705 787 3779 ad
808 3704 1072 3782 communitatem
1093 3722 1160 3771 nou
1183 3699 1362 3779 advocare,

68 3806 147 3890 rint,
181 3806 257 3873 hinc
277 3809 370 3874 multi
392 3811 433 3876 de
454 3811 552 3878 rebus
576 3811 627 3878 his
649 3832 715 3876 non
733 3810 916 3893 ,sciverunt3
949 3809 984 3875 in
1013 3807 1075 3874 bac
1097 3814 1206 3872 tamen
1227 3803 1365 3871 audacia

69 3909 198 3976 Passek
220 3912 345 3979 loeutus
367 3914 437 3998 fuit,
459 3915 545 4003 quod
566 3915 609 3982 ad
632 3913 851 3981 confirmanda
872 3921 1073 4002 compactata
1100 3919 1168 3978 tots
1189 3907 1375 3977 communi·

68 4019 121 4080 tas
146 4013 318 4102 (quasdem
350 4026 475 4084 tantum
496 4041 653 4108 personas
690 4016 983 4106 comprehendens)
1016 4016 1215 4084 voluntatem
1236 4023 1269 4082 et
1290 4036 1364 4082 eon·

71 4141 206 4185 sensum
229 4143 322 4187 suum
344 4119 508 4211 praebeat.
531 4125 687 4211 Princeps
708 4145 786 4191 vero
810 4122 868 4190 sub
882 4121 1022 4210 quodam
1044 4122 1170 4189 occulto
1181 4129 1362 4211 praetextu,

71 4225 167 4312 quasi
188 4224 352 4303 hominem
374 4250 439 4294 non
461 4237 621 4313 nosceret,
654 4250 713 4318 pro
737 4228 886 4294 confesso
909 4237 941 4294 et
962 4227 1099 4316 pignore
1120 4226 1208 4293 hunc
1229 4248 1364 4293 consen·
1423 4312 1424 4317 ἵ

70 4352 144 4396 sum
179 4338 215 4411 ¹et
236 4332 485 4400 insinuationem
519 4335 741 4421 Pragensium,
779 4332 821 4398 ad
851 4354 931 4421 quos
953 4331 1136 4421 sequendos
1156 4331 1238 4398 alios
1261 4339 1363 4398 status

68 4433 203 4500 induxit
225 4436 284 4503 sub
315 4441 422 4524 minis,
457 4440 641 4528 quicunque
662 4437 724 4521 bis,
758 4445 870 4525 utpote
886 4437 1049 4504 'voluntati
1070 4438 1181 4523 regias
1204 4435 1363 4504 contradi·

74 4561 152 4606 cere
174 4545 441 4633 praesumpserit,
465 4544 552 4632 quod
573 4542 671 4609 talem
694 4541 872 4631 quemlibet
891 4541 934 4608 ad
966 4564 1076 4629 regem
1099 4541 1225 4608 deferre
1258 4548 1291 4608 et
1311 4561 1364 4621 ae·
1444 4556 1449 4562 “

72 4667 189 4712 cusare
211 4648 300 4731 velit,
334 4658 367 4716 et
388 4671 461 4715 cum
482 4648 541 4714 tali
569 4649 666 4716 modo
694 4647 811 4714 multos
844 4646 989 4715 turbatos
1009 4645 1198 4730 reddiderit,
1231 4634 1371 4737 quidam

71 4749 235 4838 sbienmt,
269 4753 399 4842 quidem
433 4776 510 4824 vero
543 4761 790 4844 perseverantes
822 4751 1056 4840 reclamarunt,
1086 4760 1124 4822 st
1146 4760 1232 4841 pest
1252 4751 1384 4817 munuae
