2948 5040
346 1510 604 1646 utetur
638 1512 845 1642 (1111
880 1472 1215 1647 uulnus.

139 1857 193 1923 De
215 1855 375 1923 electione
395 1854 581 1923 archiduois
602 1855 757 1921 Austriae
779 1853 980 1921 Ferdinsndi
1012 1855 1047 1919 in
1067 1872 1180 1939 regem
1213 1858 1247 1916 11
1269 1849 1433 1919 dominum

139 1961 232 2047 regni
252 1960 440 2043 Bohemiae,
463 1968 496 2025 et
517 1981 600 2047 quae
623 1968 768 2046 tempore
792 1958 937 2047 ejusdem
969 1958 1137 2044 regiminis
1171 1955 1260 2021 domi
1293 1955 1432 2044 forisque

140 2052 312 2133 factssint.
354 2065 437 2130 Item
460 2063 501 2130 de
524 2064 741 2152 despectuosa
763 2063 964 2149 relegatione
987 2063 1075 2130 Galli
1097 2062 1254 2143 01111111,
1279 2082 1343 2149 pro
1366 2070 1434 2126 1111

139 2168 420 2252 administratoris,
444 2191 487 2233 ex
516 2167 665 2233 omnibus
699 2166 810 2232 Terris
842 2167 963 2252 regiis3
1002 2169 1080 2233 item
1101 2168 1248 2256 magistri
1287 2167 1432 2247 doenum,

141 2273 267 2340 Passek
291 2295 333 2339 ex
355 2274 486 2339 civitate
509 2271 668 2358 Pragensi
689 2280 723 2336 et
744 2270 786 2336 de
801 2270 874 2337 eliis
895 2271 1006 2337 multis
1028 2295 1130 2358 usque
1145 2273 1189 2341 ad
1201 2272 1304 2339 finem
1326 2273 1428 2342 hond

567 2375 762 2442 tumultuum
784 2375 1008 2461 Pragensium.

690 2583 837 2650 CAPUT
860 2585 887 2650 1.

141 2786 177 2845 In
201 2803 260 2868 quo
283 2791 412 2861 notatur,
446 2786 525 2862 quod
548 2793 617 2865 post
640 2792 764 2843 mortem
786 2783 866 2861 regis
890 2782 1035 2845 Ludovici
1057 2778 1184 2845 Bohemi
1206 2786 1333 2847 comitio
1367 2788 1436 2849 cele

141 2875 257 2933 branda
272 2873 478 2933 constituerint
499 2873 530 2931 in
544 2893 612 2934 arce
633 2869 790 2949 Pragensi.
824 2871 902 2932 Item
925 2871 1076 2949 quomodo
1104 2871 1239 2949 sepultus
1261 2874 1355 2936 inerit
1381 2896 1432 2937 rex

140 2960 322 3023 Ludcvicus.
351 2960 486 3021 Tandem
510 2963 547 3019 de
577 2958 719 3020 electione
744 2958 816 3017 novi
837 2959 916 3036 regis
939 2957 1136 3031 Ferdinandi3
1166 2957 1238 3019 item
1268 2963 1308 3022 de
1331 2962 1431 3024 dimis-

455 3046 538 3107 sione
560 3066 598 3106 ex
620 3045 787 3106 carceribus
810 3046 912 3106 fratris
934 3045 1069 3105 Mathiae
1096 3046 1188 3106 1526.

226 3235 402 3321 Postquam
424 3235 524 3320 igitur
540 3234 611 3321 jem
633 3256 693 3322 per
726 3241 827 3299 totum
853 3231 1027 3298 Bohemiae
1049 3253 1188 3319 regnum
1211 3241 1243 3297 et
1277 3233 1355 3301 sliis
1378 3235 1434 3303 oir-

143 3339 288 3405 oumsitis
311 3339 555 3405 christianitatis
578 3338 766 3424 regionibus
789 3337 830 3403 de
852 3346 918 3402 tem
939 3335 1066 3402 funesto
1089 3337 1221 3403 interitu
1259 3339 1351 3426 regis
1375 3341 1434 3407 Lu·

142 3443 252 3508 dovioi
274 3452 306 3507 et
329 3442 473 3530 ejusdem
496 3442 672 3531 sepultura,
707 3441 749 3506 de
770 3465 791 3507 1
812 3441 927 3507 Turris
960 3442 1201 3529 expugnatione
1232 3441 1321 3510 lecte
1352 3445 1436 3513 urbis

141 3547 315 3632 Budensis,
339 3557 371 3613 et
393 3547 435 3614 de
456 3549 583 3615 incuria
604 3548 833 3635 Hungarorum
857 3555 889 3612 11
910 3545 1046 3612 aliorum
1069 3547 1235 3613 hominum
1256 3571 1371 3617 rumor
1392 3551 1434 3617 ir-

141 3652 308 3730 valuiseet,
343 3652 493 3719 dominus
521 3652 601 3719 Low
644 3674 812 3742 supremus
852 3650 1069 3738 burggraviue
1097 3652 1283 3739 Pragensis,
1319 3662 1354 3720 et
1386 3654 1435 3721 alii

143 3777 296 3844 proceres
318 3754 360 3820 de
383 3765 467 3821 statu
490 3755 656 3840 baronum,
681 3757 822 3843 equestri
850 3766 882 3821 et
903 3755 1002 3837 civili,
1034 3765 1271 3843 cognoscentes
1294 3762 1433 3826 necessi·

142 3870 240 3925 tatem
263 3861 298 3926 id
319 3861 496 3948 requirere,
532 3870 568 3926 ut
589 3883 798 3949 praegressas
829 3861 1035 3926 diversitates
1069 3870 1103 3926 11
1135 3860 1317 3928 discordias
1342 3865 1435 3954 depo·

142 3976 223 4031 nant
256 3976 289 4031 et
311 3988 422 4032 cerum
445 3967 680 4032 obliviscentur
702 3966 757 4054 (de
780 3965 897 4053 quibus
915 3967 986 4054 jam
998 3987 1096 4053 supra
1117 3964 1243 4031 dictum
1258 3967 1335 4057 est),
1356 3968 1435 4058 quod

145 4071 241 4136 etiam
264 4072 449 4157 effecerunt,
473 4083 505 4137 et
525 4073 671 4138 unanimi
693 4093 854 4137 consensu
869 4072 1103 4137 constituerunt
1116 4069 1204 4138 diem
1217 4093 1277 4160 pro
1293 4077 1435 4142 comitiis

144 4174 358 4260 celebrandis,
372 4177 456 4242 diem
472 4200 589 4266 nempe
601 4178 738 4244 Veneris
754 4187 828 4266 post
842 4178 960 4243 festum
976 4174 1009 4243 S.
1021 4174 1190 4242 Francisci
1203 4175 1433 4267 (1101115261

142 4285 325 4372 Pragenses
349 4284 445 4348 etiam
467 4284 577 4349 vocari
599 4293 753 4350 curarunt
774 4306 833 4370 per
846 4280 1116 4370 servnmjudicis,
1140 4281 1364 4368 significantes
1385 4285 1436 4365 eis,

144 4389 231 4478 quod
257 4387 452 4454 concedatur
474 4388 583 4454 salvus
607 4388 784 4454 conductus
807 4386 956 4454 omnibus
980 4384 1115 4451 statibus
1137 4407 1196 4475 pro
1218 4387 1281 4453 hec
1303 4390 1435 4455 notione.

230 4493 317 4558 Dum
341 4514 417 4579 ergo
440 4492 586 4559 adhaec
608 4495 739 4560 comitia
762 4514 873 4559 omnes
897 4499 963 4557 tres
984 4499 1085 4556 status
1098 4491 1340 4578 convenissent,
1363 4502 1435 4559 tuuc

145 4596 251 4664 obiter
272 4605 395 4664 11111111
417 4597 618 4664 reconciliati
641 4600 726 4665 inter
748 4621 783 4665 se
806 4597 949 4664 invicem
969 4595 1121 4684 agebant,
1154 4595 1197 4662 de
1229 4596 1317 4664 bono
1346 4595 1435 4684 regni

107 4766 110 4771 ,
140 4702 248 4788 hujus,
275 4711 309 4768 11
330 4701 371 4768 (11
392 4701 500 4770 futuro
522 4723 609 4789 rego.
631 4702 698 4770 Die
716 4701 869 4768 Mercurii
892 4723 980 4786 vero,
1003 4702 1038 4768 id
1061 4710 1112 4770 est
1132 4703 1271 4790 septime
1292 4701 1349 4771 die
1365 4710 1434 4771 anto
