2948 5040
1282 155 1325 222 31

15 352 113 397 arum
145 325 368 408 adversitates,
392 321 511 412 quibus
544 322 635 388 varie
670 322 784 389 afflicti
805 324 944 404 fuerunt,
968 322 1129 411 impedire
1154 347 1195 392 ac
1215 326 1330 395 tollere

15 437 202 518 voluerunt,
238 430 326 521 quod
362 430 490 497 efficere
527 429 757 515 nequiverunt3
794 429 859 495 imo
897 437 987 495 taum
1020 429 1095 495 odia
1130 428 1218 517 apud
1239 430 1323 498 Ger-

23 562 141 607 manos
163 546 276 604 conus
296 536 461 603 Bohemos
483 535 620 616 fuerant,
641 542 678 598 ut
700 535 797 599 etiam
812 533 927 600 horum
942 533 1046 599 solum
1061 556 1179 601 nomen
1194 533 1316 618 audire,

22 645 170 732 graviter
202 640 335 723 ferrent,
361 639 427 704 hoo
456 636 686 724 probaverunt,
717 649 869 726 spuentes
892 638 928 703 in
949 636 1049 703 facies
1073 660 1194 722 eorum,
1218 648 1250 704 et
1270 638 1317 703 in-

21 749 102 814 timo
123 745 244 812 infami
279 742 352 809 loco
385 741 459 807 illos
489 740 723 828 adjudicantes,
746 740 1097 807 excommunicationes
1130 742 1228 807 etiam
1263 765 1321 832 pa·

22 851 119 941 pdes
155 869 254 936 super
285 845 359 912 illos
391 852 611 932 procurantes,
645 846 709 910 imo
742 844 830 911 bella
851 853 884 909 et
903 845 968 911 alia
1000 844 1085 912 maia
1118 846 1324 915 meditantes.

22 955 119 1021 Deus
142 973 223 1018 vero
245 949 459 1036 omnipotens,
482 956 616 1014 aeterna
638 948 810 1036 sapientia,
833 949 886 1015 cui
906 960 1019 1015 notum
1041 959 1099 1032 est,
1124 948 1263 1036 quando,
1287 956 1320 1015 et

18 1080 83 1147 per
119 1076 216 1144 quem
248 1051 451 1118 mirabilibus
484 1052 638 1117 remediis
673 1052 781 1138 legem
804 1062 836 1120 et
867 1055 1038 1119 veritatem
1061 1076 1153 1119 suam
1176 1052 1324 1118 stabilire

25 1161 158 1242 debeat,
182 1181 225 1224 ex
247 1157 314 1222 suis
337 1155 457 1222 divinis
485 1154 686 1220 inexhaustis
708 1156 872 1244 mysteriis
894 1155 1000 1222 subito
1022 1157 1186 1223 hominem
1208 1178 1320 1244 supra-

24 1264 186 1351 scriptum
207 1258 394 1341 destinavit,
416 1268 453 1324 ut
474 1257 555 1324 illud
576 1258 731 1347 perficiat,
754 1283 794 1325 ac
814 1282 874 1349 per
889 1262 1053 1328 notionem
1081 1261 1166 1348 legis
1188 1271 1220 1327 et
1241 1261 1325 1327 veri·

23 1369 103 1435 tatis
136 1375 251 1454 gentes
275 1374 405 1431 exteras
427 1362 470 1428 de
493 1362 649 1428 caecitate
672 1364 805 1451 antiqua
832 1375 864 1431 et
885 1366 1029 1432 tenebris
1052 1366 1179 1450 educat,
1213 1375 1246 1430 et
1277 1365 1321 1431 ad

19 1472 131 1539 lucem
165 1490 288 1551 veram,
323 1488 406 1553 quae
440 1464 589 1531 Christus
610 1466 772 1532 Dominus
796 1477 854 1550 est,
892 1481 924 1535 et
957 1469 1012 1535 via
1035 1479 1123 1535 certa
1145 1470 1265 1535 veritas
1288 1478 1321 1536 et

18 1576 101 1660 vita,
123 1573 301 1662 perducat,
335 1569 435 1635 talem
456 1591 527 1635 rem
548 1570 675 1649 miram,
709 1592 771 1637 nec
793 1572 991 1654 Bernardus,
1026 1595 1088 1639 nec
1117 1573 1320 1657 Dominicus‚

17 1681 255 1767 Hieronymus,
277 1683 333 1740 aut
354 1673 595 1758 Bonav'entura,
617 1697 680 1740 nec
694 1675 900 1758 Franciscus,
921 1677 1132 1762 Benedictus,
1155 1701 1218 1743 nec
1232 1677 1319 1743 Tho·

19 1805 94 1849 mas
128 1804 204 1847 eum
236 1776 388 1846 omnibus
424 1777 491 1842 suis
524 1777 704 1860 monachis,
739 1779 910 1868 episcopis,
944 1780 997 1845 vel
1019 1781 1102 1847 alius
1125 1782 1321 1848 conditionis

18 1885 209 1955 hominibus
230 1907 251 1950 s
271 1883 425 1973 pontifice
446 1881 628 1948 benedictis
658 1882 845 1965 effecerunt,
871 1891 903 1947 et
926 1884 1052 1948 etiamsi
1073 1885 1109 1950 in
1131 1885 1324 1972 quibusdam

19 1991 74 2058 his
104 1988 209 2079 (quod
238 1989 365 2068 nescio)
396 1985 555 2075 quaedam
580 1986 734 2052 sanctitas
755 1987 843 2051 vitae
864 1986 926 2051 fuit
946 1986 981 2051 in
1003 1988 1065 2053 hoc
1087 1989 1218 2074 mundo,
1242 2001 1318 2057 tunc

21 2100 61 2163 in
81 2096 148 2161 hac
167 2096 235 2161 vita
256 2092 396 2158 fructum
419 2090 482 2157 sibi
504 2090 654 2178 ipsismet
683 2090 836 2173 tulerunt,
858 2092 1016 2179 proximis
1032 2102 1140 2158 autem
1163 2094 1230 2158 suis
1253 2117 1319 2161 non

20 2198 222 2289 prefuerunt,
246 2198 401 2283 dogmate
422 2204 456 2261 et
477 2194 655 2260 directione
677 2193 718 2258 ad
741 2217 853 2260 veram
874 2194 975 2259 fidem
998 2195 1121 2262 Christi
1143 2197 1321 2265 secundum

20 2304 133 2390 legem
154 2303 240 2391 ejus3
271 2301 355 2366 sicut
381 2300 545 2367 Lutherus
567 2298 664 2365 modo
688 2308 720 2364 et
744 2299 913 2386 juvamine
940 2299 1051 2366 divino
1081 2301 1227 2389 profecit,
1257 2324 1324 2368 non

21 2428 83 2475 sus
114 2427 180 2472 nec
212 2405 375 2473 diabolica
408 2403 536 2487 virtute,
574 2402 668 2492 (alias
692 2403 830 2469 daemon
852 2406 923 2490 ipse
947 2404 1010 2470 sibi
1044 2408 1226 2473 contrarius
1248 2429 1321 2473 esse

22 2509 176 2599 deberet)
200 2509 261 2575 sed
281 2511 403 2577 virtute
425 2508 547 2592 divina,
581 2530 678 2595 quam
699 2508 791 2574 Deus
815 2509 920 2574 eidem
944 2519 977 2575 et
1004 2510 1078 2576 ahie
1101 2513 1252 2599 gentibus
1274 2511 1324 2578 illi

20 2613 279 2682 adhaerentibus
327 2613 499 2696 concessit,
541 2634 639 2700 quam
670 2613 823 2679 virtutem
857 2637 1022 2701 nunquam
1054 2616 1215 2701 diabolus,
1259 2639 1322 2683 nec

22 2741 185 2807 sequaces
217 2719 306 2785 illius
339 2717 532 2800 habuerunt,
569 2740 636 2783 non
659 2717 781 2783 habent
801 2740 863 2783 nee
896 2718 1062 2786 habebunt
1085 2722 1119 2786 in
1141 2730 1322 2788 aeternum.

18 2823 51 2891 A
68 2845 134 2911 quo
150 2822 294 2889 Luthero
316 2821 409 2887 multi
439 2821 591 2887 monachi
614 2830 647 2887 et
669 2822 854 2888 sacerdotes
875 2822 1014 2889 Romani
1036 2827 1070 2889 in
1093 2826 1155 2891 hac
1178 2826 1321 2910 civitate,

20 2936 56 2995 et
87 2926 170 2993 alibi
190 2929 339 2994 notitiam
370 2925 574 3016 acquirentes
607 2948 666 3013 per
699 2926 826 2991 initium
862 2927 932 3012 ejus
969 2928 1002 2991 in
1030 2927 1103 3014 lege
1139 2929 1251 2994 divina
1281 2929 1325 2994 ad

21 3052 99 3099 eum
122 3033 406 3117 convertebantur,
429 3029 600 3112 docebant,
625 3029 914 3107 concionabantur,
937 3039 969 3095 et
991 3031 1189 3116 scribebant,
1213 3035 1332 3123 aqui-¹

18 3135 84 3203 bus
118 3136 213 3203 multi
245 3138 287 3204 de
310 3139 540 3204 communitate
573 3132 741 3216 saeculari,
775 3156 931 3220 pauperes
966 3144 998 3199 et
1020 3135 1139 3202 divites
1163 3137 1323 3216 homines,

18 3242 57 3307 in
81 3242 271 3329 scriptione,
293 3242 436 3308 lectione
458 3246 546 3308 etin
568 3241 641 3306 aliis
665 3242 852 3329 exemplum
876 3252 1091 3330 sumpserunt.
1135 3245 1197 3309 His
1221 3247 1319 3311 etiam

19 3343 227 3433 temporibus
250 3346 285 3411 in
306 3345 416 3412 multis
438 3344 627 3432 regionibus
650 3345 731 3412 citra
754 3368 882 3411 omnem
912 3348 1180 3414 consuetudinem
1204 3372 1322 3438 coepe·

15 3461 100 3517 nent
116 3448 235 3516 batres
257 3450 464 3534 Waldenses,
487 3450 573 3537 quod
588 3451 735 3516 homines
758 3450 799 3517 de
814 3474 899 3519 novo
922 3453 1175 3541 baptizarentur,
1199 3465 1231 3520 et
1254 3478 1323 3521 car·

15 3574 82 3619 nes
117 3551 235 3619 diebus
264 3554 402 3621 Veneris
436 3555 652 3623 comederent
696 3556 844 3623 Tandem
876 3558 1002 3645 Pragae
1039 3561 1265 3645 processiones
1289 3571 1323 3626 et

17 3657 247 3746 expositiones
270 3665 466 3728 sacramenti
490 3663 634 3749 corporis
657 3661 791 3747 Christi,
815 3675 847 3731 et
869 3670 1101 3734 monstrantiae
1131 3670 1166 3734 in
1189 3669 1320 3756 quibus·

19 3760 101 3827 dnm
124 3762 273 3828 ecclesiis
296 3776 526 3851 cessaverunt,
555 3767 633 3833 inde
658 3768 794 3835 ulterius
817 3771 948 3856 quidam
980 3773 1020 3838 de
1043 3773 1130 3839 clero
1152 3776 1188 3838 in
1211 3775 1321 3840 Bohe-

19 3867 100 3949 mia,
122 3869 317 3953 praesertim
332 3867 461 3956 Pragae
475 3871 557 3936 haec
579 3872 690 3956 secuti,
712 3874 986 3960 praedicaverunt
1005 3877 1142 3943 verbum
1166 3878 1218 3944 dei
1240 3878 1320 3945 fide·

20 3969 99 4037 liter
116 3971 215 4059 juxta
235 3971 343 4057 legem
365 3972 520 4058 divinam,
544 3976 615 4040 sine
639 3977 787 4043 omnibus
810 3978 1032 4046 additionibus
1056 3982 1222 4048 hominum
1244 4006 1317 4071 par-

23 4077 228 4162 ticularibus,
263 4075 340 4143 hinc
368 4078 434 4164 legi
468 4080 599 4145 divinae
621 4083 801 4165 contrariis,
837 4094 869 4147 et
899 4084 996 4170 juxta
1030 4087 1115 4153 hanc
1137 4089 1319 4155 doctrinam

23 4183 120 4251 multi
130 4184 409 4267 mortalium,eam
422 4186 533 4268 secuti,
551 4195 789 4273 processerunt,
812 4196 844 4252 et
870 4209 927 4275 pro
951 4191 1099 4276 possibili
1121 4193 1222 4257 multa
1231 4194 1319 4259 mala

21 4289 221 4371 vitaverunt,
244 4297 276 4355 et
286 4289 329 4353 ad
342 4287 460 4355 bonum
476 4288 621 4354 inclinati
638 4302 721 4374 sunt,
733 4294 924 4379 praesertim
947 4296 1128 4381 superfluas
1140 4297 1173 4361 in
1186 4299 1315 4386 popinis

22 4392 216 4479 potationes,
240 4414 295 4459 eas
318 4414 385 4458 non
406 4393 649 4480 frequentantes
673 4395 911 4462 imminuerunt.
934 4436 964 4447 -
983 4399 1048 4466 Hic
1068 4402 1185 4467 iterum
1209 4405 1318 4490 singu·

22 4494 101 4562 laris
136 4498 227 4583 origo
261 4497 444 4563 discordiae
476 4500 636 4584 provenit,
670 4501 755 4565 inter
776 4502 845 4585 hos,
870 4513 901 4567 ot
922 4504 1011 4587 illos,
1043 4507 1099 4592 qui
1120 4506 1202 4572 tales
1224 4516 1320 4594 potus

21 4599 220 4686 vendebant,
239 4601 325 4688 quod
338 4603 409 4690 jam
426 4624 500 4667 raro
516 4604 663 4669 homines
680 4626 736 4669 eos
753 4606 1040 4695 frequentaverint,
1054 4619 1166 4676 contra
1178 4609 1253 4675 illos
1276 4611 1329 4674 ira

20 4707 187 4791 succensi,
208 4706 286 4773 dum
306 4707 480 4796 pecuniam
503 4706 568 4775 illis
590 4708 625 4776 in
647 4709 776 4779 lucrum
796 4733 868 4781 non
897 4712 1098 4797 atterebant,
1126 4712 1287 4794 adeoque
1303 4707 1356 4768 be
