2948 5040
86 262 231 357 quidam,
255 262 314 353 qui
333 283 409 331 eum
428 260 658 331 recedentibus
676 280 745 326 non
764 257 917 348 relegatis
936 260 1045 350 Praga
1063 262 1247 348 exiverunt,
1271 269 1308 331 et
1321 264 1390 353 qni-

86 370 164 437 dam
199 367 515 453 Neo-Boleslaviam,
538 366 595 434 alii
615 388 694 435 vero
716 367 752 431 in
772 365 837 433 alia
857 367 951 433 varia
983 365 1055 434 loca
1083 368 1168 434 inter
1190 369 1320 435 iratres
1355 392 1389 438 se

83 483 287 563 recepenmt,
310 495 385 540 cum
420 473 472 539 his
508 471 592 538 nihil
615 480 724 538 aetum
745 471 815 556 fuit,
839 471 881 538 ob
904 494 1035 538 eausam
1057 475 1261 560 praesertim,
1294 496 1388 562 quam

83 577 272 661 afferebant,
309 576 397 665 quod
428 578 464 642 in
499 575 565 644 fide
598 598 634 641 se
666 575 709 643 ab
744 576 810 641 illis
845 578 1068 665 separaverint
1104 586 1137 641 et
1157 577 1320 645 fratribus
1356 602 1388 648 se

84 680 328 750 associaverint.

168 784 318 851 Tandem
352 784 474 851 factum
505 783 621 851 eodem
643 804 738 867 anuo,
760 782 847 872 quod
868 804 929 850 rex
960 783 1187 852 Ferdinendus
1216 796 1386 856 coronatus

84 901 117 960 et
137 892 345 960 confirmatus
366 893 403 958 in
422 902 534 978 r'egem
548 891 766 957 Romanorum
786 890 939 957 fueritin
960 891 1090 956 civitate
1113 889 1223 956 Ouach
1245 893 1312 959 sub
1332 895 1388 959 ini.

82 999 164 1065 tium
198 997 392 1065 1111111531.
436 995 508 1078 Quo
541 997 640 1062 etiam
660 1017 745 1062 anno
781 1017 900 1082 magna
934 996 996 1061 fuit
1024 1016 1172 1062 annonae
1208 998 1331 1065 canitae
1359 1010 1387 1068 et

84 1103 275 1170 admittente
295 1102 369 1169 Deo
390 1103 493 1168 fames
523 1111 637 1168 exorta
669 1101 789 1167 exinde
810 1103 845 1166 in
878 1087 989 1167 multis
1019 1099 1102 1167 locis
1121 1101 1296 1187 regionum
1326 1106 1385 1170 oir-

85 1209 294 1274 cumsitarum
315 1206 357 1275 ab
393 1215 547 1273 autumno
568 1207 646 1272 anni
669 1206 763 1290 1530,
784 1227 897 1294 usque,
920 1214 955 1271 ut
982 1206 1082 1293 ajunt,
1118 1204 1162 1269 ad
1192 1205 1387 1275 frumentum

85 1334 205 1380 novum
220 1313 316 1378 anni
352 1313 534 1400 sequentis,
567 1334 607 1376 ac
628 1310 805 1377 omittendo
839 1311 921 1375 alios
959 1309 1134 1393 districtus,
1171 1311 1325 1379 civitatee
1356 1326 1385 1382 et

86 1439 201 1507 pagos,
229 1418 322 1513 quie„
337 1438 506 1482 mensura,
524 1416 646 1504 ubique
674 1414 819 1504 aequalis
842 1437 908 1480 non
930 1422 981 1481 est
999 1436 1059 1502 pro
1088 1414 1260 1499 frumento,
1285 1418 1384 1484 solum

87 1522 195 1588 dicam
217 1521 259 1586 de
281 1519 467 1587 civitatibus
489 1520 720 1608 Pragensibus,
744 1518 849 1607 qualis
872 1521 988 1586 caritas
1009 1519 1162 1584 frumenti
1183 1529 1263 1586 ante
1284 1524 1384 1611 ipsam

86 1647 227 1691 messem
248 1624 356 1693 firerit.
383 1626 469 1692 Nam
491 1626 636 1692 modium
659 1625 799 1712 siliginis
810 1626 936 1712 Pragae
957 1623 1050 1689 multi
1072 1634 1220 1689 emerunt
1240 1649 1304 1714 pro
1326 1651 1385 1694 una

88 1751 253 1816 sexagena
273 1752 469 1816 grossorum,
493 1741 525 1796 et
546 1732 590 1797 50
612 1732 734 1816 grossis
746 1730 948 1816 Bohemicis3
972 1730 1113 1795 triticum
1124 1750 1183 1817 pro
1206 1731 1249 1796 47
1268 1754 1383 1817 gross3

87 1857 224 1902 avenam
246 1856 304 1922 pro
329 1835 369 1900 18
392 1857 516 1921 gross.;
539 1835 697 1901 hordeum
718 1856 778 1922 pro
800 1836 843 1901 30
866 1857 989 1921 grass,
1012 1834 1084 1920 pisa
1105 1855 1164 1920 pro
1196 1834 1241 1899 52
1274 1858 1385 1938 gross.²

86 1950 184 2028 atque
216 1940 360 2006 omnium
387 1940 525 2006 aliarum
558 1963 667 2007 rerum
700 1941 819 2005 caritas
854 1963 974 2026 magna
1006 1941 1077 2022 fuit,
1099 1959 1165 2004 non
1188 1941 1325 2029 quidem
1347 1943 1383 2009 ob

88 2043 301 2128 sterilitatem,
338 2044 396 2111 sed
433 2044 474 2111 ob
497 2067 627 2110 causam
649 2044 908 2123 inordinationis,
930 2067 1013 2131 quae
1034 2055 1111 2111 tunc
1132 2049 1168 2114 111
1190 2072 1298 2138 regno
1318 2051 1382 2116 ubi·

88 2170 152 2238 que
188 2148 377 2234 augebatur,
410 2171 529 2237 nempe
553 2151 629 2236 quia
659 2149 751 2214 multi
770 2172 809 2214 aa
840 2154 977 2216 abaritia
1009 2151 1217 2238 frumentum,
1241 2157 1382 2221 maxime

88 2253 252 2340 siliginem
287 2255 323 2319 in
344 2256 546 2320 circumsitas
579 2254 732 2340 regiones
755 2265 934 2320 evexerunt
967 2263 998 2320 61
1028 2256 1268 2346 vendiderunt3
1310 2262 1383 2326 item

89 2356 267 2442 dicebatur,
290 2358 377 2446 quod
399 2358 493 2424 multi
515 2359 557 2424 de
580 2358 719 2424 statibus
742 2381 762 2423 a
783 2358 921 2424 subditis
945 2363 1184 2435 suisfrumenta
1197 2367 1381 2448 coemerint,

89 2472 122 2529 et
144 2465 292 2551 jacentia
323 2464 523 2549 reliquerint,
560 2464 692 2530 tandem
726 2448 872 2550 tempore
904 2467 1024 2534 caritiei
1057 2494 1116 2558 pro
1137 2493 1260 2560 magno
1284 2471 1380 2560 pretio

91 2571 285 2657 alienigenis
308 2567 526 2666 vendiderint.

633 2767 780 2836 OAPUT
802 2769 856 2837 36.

90 2940 151 3007 Ubi
180 2941 353 3006 insinuatur
384 2946 482 3026 primo
512 2947 549 3007 dc
581 2948 709 3022 Passek,
744 2947 851 3026 quibus
888 2946 976 3006 malis
1011 2948 1135 3011 eundem
1164 2949 1250 3009 Deus
1278 2951 1311 3010 in
1334 2950 1388 3008 hoc

92 3034 204 3092 mundo
226 3042 349 3114 propter
387 3036 520 3112 ejusdem
543 3036 751 3096 infidelitatem
788 3044 818 3095 et
853 3034 1016 3094 falsitatem
1038 3036 1198 3114 puniverit.
1241 3036 1323 3097 Item
1354 3037 1388 3094 de

92 3119 177 3179 labro
199 3121 355 3182 Zachlubil
368 3123 458 3201 dicto,
494 3122 526 3182 in
550 3134 664 3204 quanta
684 3123 857 3182 infirmitate
885 3122 1023 3198 jacuerit,
1060 3131 1089 3182 et
1111 3124 1260 3201 quomodo
1295 3124 1386 3182 vitam

91 3206 233 3288 finiverit.
277 3210 355 3270 item
377 3228 454 3287 quae
475 3211 560 3270 Deus
583 3212 615 3270 in
636 3212 785 3272 lanienam
808 3206 894 3288 Zy'ka
914 3209 1084 3286 immiserit,
1116 3221 1145 3270 et
1167 3212 1211 3271 sic
1234 3212 1273 3271 da
1308 3210 1385 3272 aliis.

172 3378 395 3447 Interamnia
424 3380 506 3447 haec
527 3381 697 3469 hucusque
719 3378 807 3445 dicta
828 3386 955 3468 oportet
977 3380 1075 3445 etiam
1097 3380 1131 3445 in
1155 3380 1305 3446 notitiam
1329 3381 1381 3447 de·

94 3487 224 3570 ducere,
255 3486 342 3575 quod
371 3485 406 3553 hi
429 3507 540 3553 omnes
564 3486 712 3571 nimium¹
733 3484 858 3550 feroces
891 3486 1019 3568 tyranni
1052 3485 1261 3572 infrascripti,
1298 3494 1383 3553 etin

91 3588 143 3658 hi's
178 3591 271 3659 libris
308 3613 407 3679 saepe
439 3591 597 3656 nominati
632 3588 812 3663 vindictam
835 3587 1046 3676 temporalem
1077 3589 1265 3674 notabilem,
1288 3592 1387 3658 finitis

93 3696 242 3766 omnibus
276 3696 327 3762 his
350 3695 495 3761 dissidiis
529 3704 561 3762 et
590 3693 859 3761 conventionibus
896 3717 917 3759 a
937 3694 1020 3777 Deo,
1054 3694 1215 3779 inbonis,
1249 3696 1338 3762 fama
1360 3705 1390 3762 61

93 3803 232 3868 sanitate
266 3803 394 3890 experti
421 3801 543 3866 fuerint
564 3801 599 3867 in
625 3801 688 3866 hoc
711 3799 841 3883 mundo,
877 3801 953 3887 quia
985 3799 1077 3864 Deus
1092 3803 1306 3889 ‚omnipotens
1329 3804 1388 3867 eis·

94 3905 169 3972 dem
201 3905 469 3992 adhuc'tempus
498 3905 716 3993 poenitentiae
739 3905 873 3991 largitus
895 3905 966 3988 fuit,
1000 3913 1035 3969 ut
1058 3906 1203 3992 seipsos
1227 3916 1258 3971 et
1289 3908 1389 3995 injus-

95 4013 182 4077 titias
205 4033 285 4077 suas
304 4020 512 4101 cognoscant,
537 4033 616 4098 quas
639 4011 813 4076 infortuna
826 4011 991 4099 constituti
1013 4010 1252 4086 commiserunt,
1276 4034 1319 4077 ne
1333 4034 1387 4098 pe·

88 4119 164 4206 jora
185 4124 419 4204 postmortem
441 4137 496 4180 ecs
520 4124 704 4202 sequantur.
748 4114 794 4180 Ut
815 4137 893 4180 vero
915 4116 1107 4198 innotescat,
1131 4114 1172 4179 dc
1195 4113 1315 4201 quibus
1337 4117 1389 4182 bic

96 4236 201 4287 sermo
226 4221 276 4304 sit,
310 4221 502 4285 nominatim
524 4221 559 4285 in
582 4219 695 4286 ordine
719 4229 906 4307 sequuntur.
950 4219 1003 4284 De
1024 4219 1149 4285 Passek
1171 4218 1305 4306 quidem
1322 4222 1390 4309 jem

94 4325 295 4391 notificatum
327 4325 389 4391 fuit
421 4347 492 4413 cap.
515 4325 567 4389 31.
603 4324 700 4414 hujus
733 4324 819 4408 libri,
850 4324 928 4412 quid
963 4324 1068 4389 eidem
1092 4325 1275 4410 eontigerit,
1307 4323 1391 4413 quod

95 4453 214 4519 nempe
236 4452 296 4495 rex
313 4431 430 4518 jugum
464 4452 564 4517 grave
602 4439 634 4495 et
669 4451 810 4518 poenam
846 4429 1042 4516 condignam
1076 4439 1209 4518 propter
1246 4430 1391 4517 ejusdem

97 4537 285 4624 superbiam
308 4535 422 4629 eidem·
451 4536 661 4623 imposuerit3
685 4535 837 4601 inbonis
860 4535 927 4600 suis
965 4535 1062 4600 etiam
1084 4535 1239 4620 notabile,
1274 4543 1308 4600 et
1328 4557 1393 4601 non

98 4643 252 4728 exiguum
285 4641 438 4708 damnum
472 4651 623 4729 expertus
668 4639 737 4724 fuit,
776 4641 852 4707 dum
885 4642 921 4709 in
956 4641 1042 4709 bono
1080 4639 1226 4729 ejusdem
1256 4639 1394 4709 Tautim
