2948 5040
1317 156 1370 245 su

61 324 241 394 succendat
264 324 353 413 (nam
376 322 534 446 quasdam
554 345 711 413 personas
735 345 864 414 semper
885 325 991 412 magis
1014 321 1057 390 ad
1077 321 1201 391 malum
1224 325 1367 414 instigas,

61 433 137 520 vit),
154 440 269 518 sponte
283 431 415 518 propria
425 431 521 519 paulo
543 439 618 519 post
638 429 681 496 de
703 432 835 498 civitate
851 432 1003 516 excessit,
1026 429 1249 497 etaliiclsrici
1260 432 1370 554 stipqu

56 537 157 610 ,brevi
181 558 237 602 eos
260 536 362 601 secuti
383 533 523 620 fuerunt,
561 537 602 600 de
625 535 742 624 quibus
764 537 860 626 paulo
883 546 957 627 post
978 536 1115 651 dicetur,
1139 537 1195 623 qui
1218 558 1261 615 err
1282 537 1368 615 civi,

62 651 131 709 tate
154 640 291 727 relegati
314 648 347 706 et
368 640 454 729 pulsi
478 649 563 707 sunt.

627 830 775 897 orrur
800 832 849 900 15
1285 876 1290 887 .
1337 878 1373 962 3,

64 945 105 1004 In
128 963 188 1046 qup
210 950 313 1003 narrat
314 963 358 1017 ur,
383 942 463 1019 quod
485 941 715 1018 homoquidam
737 944 890 1002 consulem
912 924 1080 1018 accesserit,
1107 914 1289 1031 significans
1319 943 1365 1023 ei,

63 1032 178 1109 quod
167 1052 199 1090 ru
227 1050 323 1110 parva
344 1030 437 1088 Parte
460 1029 674 1107 conquirantur
696 1029 823 1105 armati,
846 1036 876 1088 et
897 1029 987 1091 simul
1009 1012 1370 1135 PasselretZykacitsti

541 1136 713 1194 comparere
736 1116 894 1178 noluerint.
1337 1110 1372 1145 '¹7

151 1284 219 1353 Sub
242 1286 293 1351 his
314 1286 414 1352 variis
438 1285 539 1350 initiis
561 1284 680 1352 factum
706 1295 756 1352 est
778 1285 832 1352 die
856 1287 952 1352 lunae
974 1295 1050 1354 ante
1071 1286 1192 1355 festum
1213 1288 1260 1356 δὲ
1279 1236 1375 1355 lani.

61 1390 161 1457 rentii
183 1413 268 1456 anno
293 1391 387 1458 1524.
410 1391 578 1478 praedicto
608 1388 643 1478 (8
663 1389 776 1477 Aug),
800 1392 887 1457 circa
909 1413 1084 1480 vesperum
1105 1401 1140 1459 et
1160 1392 1290 1481 pulsum
1301 1413 1373 1481 pro:

66 1497 224 1573 oratione,
240 1495 300 1560 sub
317 1495 485 1562 consulatu
500 1495 648 1582 magistri
658 1493 826 1581 Brykczii,
849 1496 895 1561 ita
905 1497 1074 1576 nominati,
1093 1497 1135 1564 de
1148 1499 1376 1567 universitates

62 1601 232 1687 Pragensi,
256 1609 333 1665 tunc
346 1599 443 1665 simul
455 1601 625 1668 senatoris.
662 1599 771 1665 Primo
784 1600 873 1666 servi
895 1599 1042 1688 ejusdem
1066 1604 1153 1669 inter
1162 1603 1228 1670 alia
1238 1604 1366 1679 intima·

61 1712 139 1770 runt
159 1703 221 1789 illi,
245 1706 374 1770 venisse
384 1704 425 1770 ad
448 1704 578 1770 domum
602 1703 745 1770 consulis
768 1702 943 1792 quemdam
966 1706 1073 1771 civem
1096 1706 1374 1794 sergiumssrn

60 1809 148 1876 nsok
181 1810 313 1893 dictum,
348 1811 412 1897 qui,
448 1810 525 1875 dum
556 1831 723 1875 accessum
754 1808 797 1874 ad
819 1809 987 1875 consulem
1017 1809 1226 1879 haberc'non
1252 1811 1376 1899 potnias

60 1913 224 1999 discessit,
248 1916 375 2002 spirans
399 1923 431 1979 et
453 1913 573 1979 sudans
596 1922 705 1980 autem
726 1914 922 1982 indicaverit
945 1916 1060 1999 servis,
1090 1914 1177 2002 quod
1211 1917 1247 1981 in
1264 1936 1375 2002 parvas

62 2020 162 2087 Parte
195 2020 430 2106 conquirantur
463 2020 588 2099 armati,
623 2019 659 2084 id
689 2018 776 2107 quod
804 2020 945 2106 ipsemet
966 2019 1097 2087 rediens
1129 2043 1172 2086 ex
1192 2021 1291 2086 vinea
1329 2022 1376 2091 im

63 2126 195 2215 Onjend
217 2127 347 2210 viderit,
369 2126 494 2193 addens
517 2127 603 2214 quod
627 2128 655 2191 si
676 2127 725 2193 ibi
746 2127 871 2214 aliquid
893 2134 1042 2193 exortunr
1056 2125 1163 2208 fuerit,
1184 2124 1377 2197 timendum

67 2233 121 2315 sit,
142 2253 184 2297 ne
208 2232 307 2297 etiam
329 2230 385 2298 hic
405 2232 531 2317 Pragae
553 2231 677 2319 aliquid
700 2232 839 2319 accidat
861 2230 989 2312 Quibus
1012 2231 1125 2299 servis
1138 2228 1253 2295 consul
1274 2229 1376 2313 male>

64 2333 173 2418 vertit,
193 2335 282 2423 quod
303 2358 374 2402 rem
396 2335 496 2401 talem
519 2335 582 2400 sibi
604 2357 669 2401 non
693 2337 799 2402 statim
820 2337 1058 2421 indicaverint3
1080 2335 1189 2401 statim
1212 2355 1301 2421 ergo,
1318 2341 1377 2417 uli·

62 2438 196 2524 redeat,
218 2464 279 2528 pro
302 2439 417 2507 eodem
448 2441 520 2506 cive
543 2441 650 2525 misit3
688 2439 766 2506 dum
797 2450 906 2507 autem
928 2442 1084 2523 venisset,
1121 2447 1156 2506 et
1175 2438 1290 2506 consul
1317 2437 1378 2511 alis

58 2544 118 2612 illo
140 2545 216 2612 cive
238 2544 359 2610 similia
379 2544 569 2627 audivisset,
592 2543 780 2610 recordatus
802 2545 863 2611 fuit
893 2545 1070 2613 verborum
1090 2543 1244 2630 illorum,
1266 2554 1378 2640 'quac-,-

59 2649 227 2739 quondam
248 2659 413 2717 senatores
438 2658 471 2714 et
492 2651 637 2715 seniores
660 2652 899 2716 communitatis
929 2652 962 2716 in
1001 2670 1180 2735 congressu
1212 2650 1299 2722 inter
1327 2671 1379 2737 sc,

57 2755 201 2823 invicem
234 2757 333 2822 locuti
364 2754 511 2840 fuerunt3
549 2753 636 2842 quod
670 2756 910 2843 quamprimum
942 2753 991 2820 ibi
1030 2753 1155 2842 aliquid
1190 2755 1375 2840 exorietur,-

57 2859 241 2927 timendum
261 2861 358 2925 etiam
374 2860 432 2942 rsit,
455 2881 498 2924 ne
521 2859 574 2924 hic
596 2858 720 2946 aliquid
742 2858 847 2924 simile
884 2861 1058 2945 contingat.
1089 2857 1249 2928 Nesciens
1280 2878 1381 2944 argos

57 2964 140 3055 qnid
160 2964 324 3051 agendum
347 2964 396 3049 sit,
419 2964 534 3032 nolens
556 2966 748 3051 magistrum
771 2964 896 3031 Passek
918 2972 1078 3050 protunc
1100 2963 1135 3028 in
1169 2970 1283 3028 senatu
1305 2963 1379 3050 priej·

46 3070 199 3139 ¹marium
227 3079 293 3137 tam
325 3079 460 3157 repente
488 3068 678 3154 molestare,
701 3092 776 3136 cum
809 3069 923 3157 procul
954 3067 1075 3135 abinde
1106 3065 1314 3152 habitaverit,
1339 3073 1373 3139 aa

57 3175 162 3243 etiam
183 3175 451 3260 valetudinarius,
486 3177 681 3262 praesertim
703 3177 737 3242 in
761 3177 901 3264 pedibus
924 3174 1038 3257 fuerit,-
1054 3172 1144 3239 misit
1164 3193 1224 3263 pro
1235 3171 1379 3250 Nicoluo⁴

58 3280 170 3349 Ssorff
198 3290 421 3364 consenatore,
459 3280 555 3369 quale
577 3280 633 3346 ille
663 3280 706 3346 ad
729 3282 810 3346 haee
833 3280 1004 3348 consilium
1037 3277 1139 3344 daret.
1187 3275 1370 3353 Audientes,

59 3408 141 3474 ergo
179 3387 286 3455 civem
319 3385 412 3452 illum
445 3385 561 3469 denuo,
597 3406 714 3473 nempe
754 3385 905 3469 Kulisek,
942 3385 1101 3450 miserunt
1139 3404 1199 3469 pro
1235 3391 1379 3470 utroque,

56 3490 194 3579 judice,
231 3514 350 3579 nempe
371 3492 535 3579 Antiquae
569 3499 602 3555 et
622 3491 735 3556 Novae
762 3490 911 3573 civitatis,
946 3486 1064 3610 quibus
1100 3485 1321 3569 mandarunt,
1337 3493 1378 3567 ιιι

10 3586 16 3605 “
60 3597 201 3663 solertes
225 3596 426 3662 solummodo
453 3596 548 3660 sint
538 3618 573 3659 ru
597 3595 738 3679 civitate,
762 3594 848 3683 quod
871 3594 1015 3681 provisio
1037 3591 1120 3657 haec
1146 3590 1293 3667 sufficiet.
1309 3588 1381 3669 Ad,

59 3701 144 3769 haec
166 3703 275 3768 statim
297 3702 431 3770 advenit
452 3701 609 3785 magister
642 3700 857 3766 Wenoeslaus
880 3697 986 3765 Albus
1023 3697 1117 3783 regni
1146 3697 1230 3762 vice
1222 3682 1369 3780 sacriba,

59 3816 93 3873 ct
126 3806 169 3873 de
202 3807 320 3872 tabulis
353 3809 448 3895 regni
481 3806 632 3872 dominus
668 3804 790 3872 Joanes
825 3806 866 3871 de
899 3801 1095 3870 Lunczvvicr
1129 3799 1172 3867 de
1193 3792 1305 3871 domo
1312 3800 1379 3881 do

58 3913 143 3979 mini
181 3914 323 3999 supremi
357 3913 452 3999 regni
486 3912 633 3988 scribae,
672 3920 704 3976 et
738 3910 915 3998 diligenter
949 3908 1191 3990 intimaverunt,
1220 3904 1379 3985 dicentes·

59 4038 95 4082 se
128 4014 252 4082 habere
288 4015 474 4081 mandatum
496 4040 516 4080 a
539 4017 680 4082 Domino
703 4014 832 4081 Joanne
854 4011 1079 4098 Lithoborsky
1103 4033 1254 4101 supremo
1276 4011 1372 4099 regni

63 4120 184 4206 scriba,
207 4128 243 4187 ut
266 4121 396 4187 eosdem
420 4121 629 4204 admoneant,
653 4121 759 4187 ethis
782 4120 877 4186 malis
902 4117 1128 4207 praeveniant,
1162 4138 1202 4183 ac
1224 4116 1375 4204 provide·

58 4235 127 4311 ant,
161 4247 238 4292 nam
262 4227 420 4315 quosdam
455 4248 490 4291 se
525 4226 649 4292 vidisse
672 4235 813 4291 armatos
836 4247 895 4312 per
927 4225 1040 4290 domos
1062 4221 1279 4313 ambulantes.
1321 4220 1379 4303 Ad

63 4330 341 4418 haec·respondit
374 4330 497 4414 consul,
521 4340 553 4396 et
575 4331 703 4417 gratias
727 4352 828 4416 agens
851 4328 893 4394 de
923 4328 985 4395 hac
1008 4317 1382 4417 exhibita'arriririafdt-'3

62 4437 132 4502 xit:
176 4433 278 4500 Plane
302 4457 387 4502 nunc
409 4434 504 4501 nobis
539 4434 671 4523 quidam
695 4435 886 4500 intimarunt
909 4432 1036 4512 similia,
1065 4431 1123 4500 ubi
1142 4455 1202 4522 pro
1237 4441 1374 4521 utroque

57 4539 176 4627 judice
197 4541 354 4625 misimus,
377 4550 414 4606 ut
442 4539 504 4606 hac
540 4548 637 4606 nocte
669 4539 858 4626 diligentius
895 4538 1077 4626 invigilent.
1123 4537 1234 4608 Judex
1267 4546 1375 4603 autem

63 4646 159 4715 urbis
189 4647 344 4736 antiquae
367 4646 531 4734 Georgius
554 4645 729 4713 Komedka
750 4644 850 4734 pellio
872 4643 927 4711 hic
948 4643 1082 4709 adstans
1114 4651 1147 4709 et
1168 4642 1251 4709 haec
1286 4640 1387 4708 auos,

64 4772 125 4823 ens
160 4751 258 4838 dixit,
285 4772 322 4821 se
344 4753 444 4835 etiam
482 4750 660 4839 audivisse,
694 4751 783 4842 quod
803 4749 936 4826 incolae
966 4751 1060 4819 inter
1082 4769 1126 4819 se
1146 4747 1298 4917 aquosa
1320 4739 1421 4805 &aas
