<?xml version="1.0" encoding="UTF-8"?>
<!DOCTYPE html PUBLIC "-//W3C//DTD XHTML 1.0 Transitional//EN"
    "http://www.w3.org/TR/xhtml1/DTD/xhtml1-transitional.dtd">
<html xmlns="http://www.w3.org/1999/xhtml" xml:lang="en" lang="en">
 <head>
  <title>
</title>
<meta http-equiv="Content-Type" content="text/html;charset=utf-8" />
  <meta name='ocr-system' content='tesseract 3.04.00' />
  <meta name='ocr-capabilities' content='ocr_page ocr_carea ocr_par ocr_line ocrx_word'/>
</head>
<body>
  <div class='ocr_page' id='page_1' title='image "./desbartholomusv00bartgoog_0125.png"; bbox 0 0 2948 5040; ppageno 0'>
   <div class='ocr_carea' id='block_1_1' title="bbox 86 331 1420 2726">
    <p class='ocr_par' dir='ltr' id='par_1_1' title="bbox 86 331 1420 2726">
     <span class='ocr_line' id='line_1_1' title="bbox 121 331 1418 431; baseline -0.002 -22"><span class='ocrx_word' id='word_1_1' title='bbox 121 349 268 431; x_wconf 87' lang='lat' dir='ltr'><strong>tempore</strong></span> <span class='ocrx_word' id='word_1_2' title='bbox 301 342 448 430; x_wconf 76' lang='lat' dir='ltr'><strong>contigit,</strong></span> <span class='ocrx_word' id='word_1_3' title='bbox 483 337 571 429; x_wconf 87' lang='lat' dir='ltr'><strong>qued</strong></span> <span class='ocrx_word' id='word_1_4' title='bbox 602 338 757 409; x_wconf 76' lang='lat' dir='ltr'><strong>Germani</strong></span> <span class='ocrx_word' id='word_1_5' title='bbox 794 334 869 421; x_wconf 86' lang='lat' dir='ltr'><strong>duo,</strong></span> <span class='ocrx_word' id='word_1_6' title='bbox 906 356 1042 422; x_wconf 89' lang='lat' dir='ltr'><strong>quorum</strong></span> <span class='ocrx_word' id='word_1_7' title='bbox 1073 356 1157 402; x_wconf 89' lang='lat' dir='ltr'><strong>unus</strong></span> <span class='ocrx_word' id='word_1_8' title='bbox 1196 331 1418 426; x_wconf 79' lang='lat' dir='ltr'><strong>tclopetordm</strong></span> 
     </span>
     <span class='ocr_line' id='line_1_2' title="bbox 119 440 1419 530; baseline -0.002 -18"><span class='ocrx_word' id='word_1_9' title='bbox 119 445 219 529; x_wconf 70' lang='lat' dir='ltr'><strong>mser,</strong></span> <span class='ocrx_word' id='word_1_10' title='bbox 249 445 331 512; x_wconf 88' lang='lat' dir='ltr'><strong>alter</strong></span> <span class='ocrx_word' id='word_1_11' title='bbox 354 448 472 512; x_wconf 89' lang='lat' dir='ltr'><strong>tinctor</strong></span> <span class='ocrx_word' id='word_1_12' title='bbox 492 445 607 526; x_wconf 81' lang='lat' dir='ltr'><strong>fuerat,</strong></span> <span class='ocrx_word' id='word_1_13' title='bbox 646 441 872 509; x_wconf 82' lang='lat' dir='ltr'><strong>contenderint</strong></span> <span class='ocrx_word' id='word_1_14' title='bbox 892 441 927 506; x_wconf 90' lang='lat' dir='ltr'><strong>in</strong></span> <span class='ocrx_word' id='word_1_15' title='bbox 949 442 1080 530; x_wconf 90' lang='lat' dir='ltr'><strong>popina,</strong></span> <span class='ocrx_word' id='word_1_16' title='bbox 1102 440 1160 507; x_wconf 93' lang='lat' dir='ltr'><strong>ubi</strong></span> <span class='ocrx_word' id='word_1_17' title='bbox 1196 441 1419 530; x_wconf 85' lang='lat' dir='ltr'><strong>sclopetorum</strong></span> 
     </span>
     <span class='ocr_line' id='line_1_3' title="bbox 118 544 1419 635; baseline -0.002 -19"><span class='ocrx_word' id='word_1_18' title='bbox 118 548 209 616; x_wconf 87' lang='lat' dir='ltr'><strong>fusor</strong></span> <span class='ocrx_word' id='word_1_19' title='bbox 230 547 375 614; x_wconf 82' lang='lat' dir='ltr'><strong>defendit</strong></span> <span class='ocrx_word' id='word_1_20' title='bbox 395 548 499 615; x_wconf 89' lang='lat' dir='ltr'><strong>biblia</strong></span> <span class='ocrx_word' id='word_1_21' title='bbox 520 548 675 629; x_wconf 79' lang='lat' dir='ltr'><strong>Luthe&#39;ri„</strong></span> <span class='ocrx_word' id='word_1_22' title='bbox 687 547 806 612; x_wconf 88' lang='lat' dir='ltr'><strong>tinctor</strong></span> <span class='ocrx_word' id='word_1_23' title='bbox 827 566 905 611; x_wconf 89' lang='lat' dir='ltr'><strong>vero</strong></span> <span class='ocrx_word' id='word_1_24' title='bbox 927 544 1106 611; x_wconf 89' lang='lat' dir='ltr'><strong>Luthcrum</strong></span> <span class='ocrx_word' id='word_1_25' title='bbox 1130 547 1338 635; x_wconf 78' lang='lat' dir='ltr'><strong>contempsit,</strong></span> <span class='ocrx_word' id='word_1_26' title='bbox 1364 547 1419 614; x_wconf 72' lang='lat' dir='ltr'><strong>de÷</strong></span> 
     </span>
     <span class='ocr_line' id='line_1_4' title="bbox 118 649 1418 742; baseline -0.001 -23"><span class='ocrx_word' id='word_1_27' title='bbox 118 651 286 740; x_wconf 88' lang='lat' dir='ltr'><strong>fenditque</strong></span> <span class='ocrx_word' id='word_1_28' title='bbox 307 674 436 742; x_wconf 88' lang='lat' dir='ltr'><strong>papam,</strong></span> <span class='ocrx_word' id='word_1_29' title='bbox 459 652 564 720; x_wconf 91' lang='lat' dir='ltr'><strong>donec</strong></span> <span class='ocrx_word' id='word_1_30' title='bbox 584 654 621 718; x_wconf 91' lang='lat' dir='ltr'><strong>in</strong></span> <span class='ocrx_word' id='word_1_31' title='bbox 642 652 784 741; x_wconf 81' lang='lat' dir='ltr'><strong>plateam</strong></span> <span class='ocrx_word' id='word_1_32' title='bbox 807 657 964 715; x_wconf 85' lang='lat' dir='ltr'><strong>exeuntes</strong></span> <span class='ocrx_word' id='word_1_33' title='bbox 997 650 1097 716; x_wconf 87' lang='lat' dir='ltr'><strong>rixati</strong></span> <span class='ocrx_word' id='word_1_34' title='bbox 1121 649 1268 734; x_wconf 87' lang='lat' dir='ltr'><strong>fuissent,</strong></span> <span class='ocrx_word' id='word_1_35' title='bbox 1304 660 1341 717; x_wconf 90' lang='lat' dir='ltr'><strong>et</strong></span> <span class='ocrx_word' id='word_1_36' title='bbox 1361 653 1418 718; x_wconf 89' lang='lat' dir='ltr'><strong>in-</strong></span> 
     </span>
     <span class='ocr_line' id='line_1_5' title="bbox 119 755 1335 845; baseline -0.002 -22"><span class='ocrx_word' id='word_1_37' title='bbox 119 757 225 825; x_wconf 88' lang='lat' dir='ltr'><strong>vicem</strong></span> <span class='ocrx_word' id='word_1_38' title='bbox 246 760 388 845; x_wconf 88' lang='lat' dir='ltr'><strong>graviter</strong></span> <span class='ocrx_word' id='word_1_39' title='bbox 408 758 627 842; x_wconf 89' lang='lat' dir='ltr'><strong>vulnerantes,</strong></span> <span class='ocrx_word' id='word_1_40' title='bbox 649 759 708 823; x_wconf 85' lang='lat' dir='ltr'><strong>vix</strong></span> <span class='ocrx_word' id='word_1_41' title='bbox 729 757 764 821; x_wconf 93' lang='lat' dir='ltr'><strong>in</strong></span> <span class='ocrx_word' id='word_1_42' title='bbox 778 756 863 820; x_wconf 89' lang='lat' dir='ltr'><strong>vivis</strong></span> <span class='ocrx_word' id='word_1_43' title='bbox 880 755 1069 842; x_wconf 81' lang='lat' dir='ltr'><strong>superstites</strong></span> <span class='ocrx_word' id='word_1_44' title='bbox 1084 756 1335 844; x_wconf 81' lang='lat' dir='ltr'><strong>permanserint.</strong></span> 
     </span>
     <span class='ocr_line' id='line_1_6' title="bbox 207 857 1417 952; baseline 0 -25"><span class='ocrx_word' id='word_1_45' title='bbox 207 860 290 929; x_wconf 89' lang='lat' dir='ltr'><strong>Item</strong></span> <span class='ocrx_word' id='word_1_46' title='bbox 311 863 401 930; x_wconf 82' lang='lat' dir='ltr'><strong>aliud</strong></span> <span class='ocrx_word' id='word_1_47' title='bbox 423 863 609 952; x_wconf 87' lang='lat' dir='ltr'><strong>exemplum</strong></span> <span class='ocrx_word' id='word_1_48' title='bbox 630 861 785 942; x_wconf 87' lang='lat' dir='ltr'><strong>adferam,</strong></span> <span class='ocrx_word' id='word_1_49' title='bbox 806 857 864 924; x_wconf 91' lang='lat' dir='ltr'><strong>ubi</strong></span> <span class='ocrx_word' id='word_1_50' title='bbox 886 860 970 934; x_wconf 84' lang='lat' dir='ltr'><strong>civis</strong></span> <span class='ocrx_word' id='word_1_51' title='bbox 990 858 1166 945; x_wconf 89' lang='lat' dir='ltr'><strong>Pragensis</strong></span> <span class='ocrx_word' id='word_1_52' title='bbox 1181 859 1321 946; x_wconf 89' lang='lat' dir='ltr'><strong>quidam</strong></span> <span class='ocrx_word' id='word_1_53' title='bbox 1336 863 1417 927; x_wconf 89' lang='lat' dir='ltr'><strong>satis</strong></span> 
     </span>
     <span class='ocr_line' id='line_1_7' title="bbox 86 960 1418 1054; baseline -0.002 -20"><span class='ocrx_word' id='word_1_54' title='bbox 86 960 89 965; x_wconf 68' lang='grc'><strong>’</strong></span> <span class='ocrx_word' id='word_1_55' title='bbox 119 969 307 1035; x_wconf 87' lang='lat' dir='ltr'><strong>aestimatus</strong></span> <span class='ocrx_word' id='word_1_56' title='bbox 328 965 520 1035; x_wconf 78' lang='lat' dir='ltr'><strong>cavillanter</strong></span> <span class='ocrx_word' id='word_1_57' title='bbox 541 967 667 1034; x_wconf 92' lang='lat' dir='ltr'><strong>locutus</strong></span> <span class='ocrx_word' id='word_1_58' title='bbox 690 966 752 1031; x_wconf 87' lang='lat' dir='ltr'><strong>fuit</strong></span> <span class='ocrx_word' id='word_1_59' title='bbox 772 962 813 1029; x_wconf 95' lang='lat' dir='ltr'><strong>de</strong></span> <span class='ocrx_word' id='word_1_60' title='bbox 836 965 1048 1030; x_wconf 87' lang='lat' dir='ltr'><strong>sacramentis</strong></span> <span class='ocrx_word' id='word_1_61' title='bbox 1082 973 1115 1031; x_wconf 88' lang='lat' dir='ltr'><strong>et</strong></span> <span class='ocrx_word' id='word_1_62' title='bbox 1143 974 1258 1030; x_wconf 91' lang='lat' dir='ltr'><strong>contra</strong></span> <span class='ocrx_word' id='word_1_63' title='bbox 1279 968 1418 1054; x_wconf 87' lang='lat' dir='ltr'><strong>exposi-</strong></span> 
     </span>
     <span class='ocr_line' id='line_1_8' title="bbox 120 1068 1416 1158; baseline 0.001 -22"><span class='ocrx_word' id='word_1_64' title='bbox 120 1074 241 1139; x_wconf 87' lang='lat' dir='ltr'><strong>tionem</strong></span> <span class='ocrx_word' id='word_1_65' title='bbox 262 1072 505 1155; x_wconf 78' lang='lat' dir='ltr'><strong>monstrandae,</strong></span> <span class='ocrx_word' id='word_1_66' title='bbox 528 1072 625 1137; x_wconf 91' lang='lat' dir='ltr'><strong>etiam</strong></span> <span class='ocrx_word' id='word_1_67' title='bbox 656 1069 697 1135; x_wconf 93' lang='lat' dir='ltr'><strong>de</strong></span> <span class='ocrx_word' id='word_1_68' title='bbox 715 1078 923 1137; x_wconf 79' lang='lat' dir='ltr'><strong>,sacramento</strong></span> <span class='ocrx_word' id='word_1_69' title='bbox 945 1068 1065 1152; x_wconf 90' lang='lat' dir='ltr'><strong>altaris,</strong></span> <span class='ocrx_word' id='word_1_70' title='bbox 1095 1071 1152 1156; x_wconf 90' lang='lat' dir='ltr'><strong>qui</strong></span> <span class='ocrx_word' id='word_1_71' title='bbox 1173 1069 1276 1153; x_wconf 90' lang='lat' dir='ltr'><strong>aliter,</strong></span> <span class='ocrx_word' id='word_1_72' title='bbox 1314 1093 1416 1158; x_wconf 91' lang='lat' dir='ltr'><strong>quam</strong></span> 
     </span>
     <span class='ocr_line' id='line_1_9' title="bbox 120 1160 1419 1274; baseline -0.001 -31"><span class='ocrx_word' id='word_1_73' title='bbox 120 1176 248 1263; x_wconf 86' lang='lat' dir='ltr'><strong>Pragae</strong></span> <span class='ocrx_word' id='word_1_74' title='bbox 267 1175 389 1242; x_wconf 81' lang='lat' dir='ltr'><strong>habete</strong></span> <span class='ocrx_word' id='word_1_75' title='bbox 422 1175 602 1259; x_wconf 91' lang='lat' dir='ltr'><strong>voluerunt,</strong></span> <span class='ocrx_word' id='word_1_76' title='bbox 635 1160 734 1241; x_wconf 91' lang='lat' dir='ltr'><strong>fidem</strong></span> <span class='ocrx_word' id='word_1_77' title='bbox 767 1197 859 1274; x_wconf 75' lang='lat' dir='ltr'><strong>snam</strong></span> <span class='ocrx_word' id='word_1_78' title='bbox 884 1171 1050 1263; x_wconf 91' lang='lat' dir='ltr'><strong>professus</strong></span> <span class='ocrx_word' id='word_1_79' title='bbox 1072 1171 1150 1257; x_wconf 85' lang='lat' dir='ltr'><strong>fuit3</strong></span> <span class='ocrx_word' id='word_1_80' title='bbox 1185 1182 1320 1262; x_wconf 90' lang='lat' dir='ltr'><strong>praeter</strong></span> <span class='ocrx_word' id='word_1_81' title='bbox 1356 1176 1419 1242; x_wconf 91' lang='lat' dir='ltr'><strong>hoc</strong></span> 
     </span>
     <span class='ocr_line' id='line_1_10' title="bbox 119 1276 1415 1368; baseline 0 -21"><span class='ocrx_word' id='word_1_82' title='bbox 119 1280 208 1347; x_wconf 85' lang='lat' dir='ltr'><strong>dorni</strong></span> <span class='ocrx_word' id='word_1_83' title='bbox 230 1302 307 1347; x_wconf 89' lang='lat' dir='ltr'><strong>suas</strong></span> <span class='ocrx_word' id='word_1_84' title='bbox 329 1276 495 1346; x_wconf 91' lang='lat' dir='ltr'><strong>detinebat</strong></span> <span class='ocrx_word' id='word_1_85' title='bbox 515 1278 688 1368; x_wconf 91' lang='lat' dir='ltr'><strong>quemdam</strong></span> <span class='ocrx_word' id='word_1_86' title='bbox 710 1281 899 1367; x_wconf 82' lang='lat' dir='ltr'><strong>magistrum</strong></span> <span class='ocrx_word' id='word_1_87' title='bbox 922 1276 1124 1343; x_wconf 85' lang='lat' dir='ltr'><strong>sacerdotem</strong></span> <span class='ocrx_word' id='word_1_88' title='bbox 1139 1277 1299 1343; x_wconf 86' lang='lat' dir='ltr'><strong>Thomam</strong></span> <span class='ocrx_word' id='word_1_89' title='bbox 1328 1279 1415 1347; x_wconf 85' lang='lat' dir='ltr'><strong>Ger-</strong></span> 
     </span>
     <span class='ocr_line' id='line_1_11' title="bbox 119 1380 1416 1475; baseline 0.002 -26"><span class='ocrx_word' id='word_1_90' title='bbox 119 1405 261 1468; x_wconf 88' lang='lat' dir='ltr'><strong>manum,</strong></span> <span class='ocrx_word' id='word_1_91' title='bbox 282 1385 404 1450; x_wconf 90' lang='lat' dir='ltr'><strong>vietum</strong></span> <span class='ocrx_word' id='word_1_92' title='bbox 427 1381 533 1449; x_wconf 90' lang='lat' dir='ltr'><strong>eidem</strong></span> <span class='ocrx_word' id='word_1_93' title='bbox 556 1382 701 1450; x_wconf 90' lang='lat' dir='ltr'><strong>tribuens</strong></span> <span class='ocrx_word' id='word_1_94' title='bbox 723 1406 783 1471; x_wconf 91' lang='lat' dir='ltr'><strong>per</strong></span> <span class='ocrx_word' id='word_1_95' title='bbox 811 1384 889 1449; x_wconf 85' lang='lat' dir='ltr'><strong>anni</strong></span> <span class='ocrx_word' id='word_1_96' title='bbox 911 1380 1133 1469; x_wconf 89' lang='lat' dir='ltr'><strong>quadrantem,</strong></span> <span class='ocrx_word' id='word_1_97' title='bbox 1167 1384 1222 1469; x_wconf 91' lang='lat' dir='ltr'><strong>qui</strong></span> <span class='ocrx_word' id='word_1_98' title='bbox 1258 1405 1327 1449; x_wconf 90' lang='lat' dir='ltr'><strong>uon</strong></span> <span class='ocrx_word' id='word_1_99' title='bbox 1350 1386 1416 1475; x_wconf 89' lang='lat' dir='ltr'><strong>pri·</strong></span> 
     </span>
     <span class='ocr_line' id='line_1_12' title="bbox 116 1487 1415 1574; baseline 0.002 -22"><span class='ocrx_word' id='word_1_100' title='bbox 116 1487 195 1554; x_wconf 89' lang='lat' dir='ltr'><strong>dem</strong></span> <span class='ocrx_word' id='word_1_101' title='bbox 217 1511 238 1555; x_wconf 90' lang='lat' dir='ltr'><strong>a</strong></span> <span class='ocrx_word' id='word_1_102' title='bbox 258 1488 402 1554; x_wconf 85' lang='lat' dir='ltr'><strong>Lutherc</strong></span> <span class='ocrx_word' id='word_1_103' title='bbox 424 1487 466 1553; x_wconf 93' lang='lat' dir='ltr'><strong>de</strong></span> <span class='ocrx_word' id='word_1_104' title='bbox 488 1497 575 1554; x_wconf 89' lang='lat' dir='ltr'><strong>terra</strong></span> <span class='ocrx_word' id='word_1_105' title='bbox 597 1488 761 1554; x_wconf 86' lang='lat' dir='ltr'><strong>Saxoniae</strong></span> <span class='ocrx_word' id='word_1_106' title='bbox 785 1487 973 1567; x_wconf 76' lang='lat' dir='ltr'><strong>advenerat,</strong></span> <span class='ocrx_word' id='word_1_107' title='bbox 997 1502 1029 1552; x_wconf 89' lang='lat' dir='ltr'><strong>et</strong></span> <span class='ocrx_word' id='word_1_108' title='bbox 1052 1487 1225 1552; x_wconf 86' lang='lat' dir='ltr'><strong>conciones</strong></span> <span class='ocrx_word' id='word_1_109' title='bbox 1249 1491 1415 1574; x_wconf 83' lang='lat' dir='ltr'><strong>germani-</strong></span> 
     </span>
     <span class='ocr_line' id='line_1_13' title="bbox 121 1590 1417 1680; baseline 0 -21"><span class='ocrx_word' id='word_1_110' title='bbox 121 1614 177 1659; x_wconf 87' lang='lat' dir='ltr'><strong>cas</strong></span> <span class='ocrx_word' id='word_1_111' title='bbox 200 1593 330 1659; x_wconf 90' lang='lat' dir='ltr'><strong>dicebat</strong></span> <span class='ocrx_word' id='word_1_112' title='bbox 351 1593 386 1658; x_wconf 89' lang='lat' dir='ltr'><strong>in</strong></span> <span class='ocrx_word' id='word_1_113' title='bbox 408 1592 527 1659; x_wconf 90' lang='lat' dir='ltr'><strong>sacello</strong></span> <span class='ocrx_word' id='word_1_114' title='bbox 550 1595 694 1680; x_wconf 86' lang='lat' dir='ltr'><strong>corporis</strong></span> <span class='ocrx_word' id='word_1_115' title='bbox 717 1591 857 1679; x_wconf 77' lang='lat' dir='ltr'><strong>Christi3</strong></span> <span class='ocrx_word' id='word_1_116' title='bbox 880 1591 1001 1658; x_wconf 89' lang='lat' dir='ltr'><strong>abinde</strong></span> <span class='ocrx_word' id='word_1_117' title='bbox 1023 1590 1225 1657; x_wconf 56' lang='lat' dir='ltr'><strong>in‘Misniam</strong></span> <span class='ocrx_word' id='word_1_118' title='bbox 1248 1594 1417 1680; x_wconf 91' lang='lat' dir='ltr'><strong>profectus</strong></span> 
     </span>
     <span class='ocr_line' id='line_1_14' title="bbox 119 1690 1416 1785; baseline 0.002 -23"><span class='ocrx_word' id='word_1_119' title='bbox 119 1690 275 1785; x_wconf 88' lang='lat' dir='ltr'><strong>populum</strong></span> <span class='ocrx_word' id='word_1_120' title='bbox 308 1698 484 1763; x_wconf 89' lang='lat' dir='ltr'><strong>concitavit</strong></span> <span class='ocrx_word' id='word_1_121' title='bbox 520 1705 631 1762; x_wconf 89' lang='lat' dir='ltr'><strong>contra</strong></span> <span class='ocrx_word' id='word_1_122' title='bbox 665 1697 813 1762; x_wconf 90' lang='lat' dir='ltr'><strong>dominos</strong></span> <span class='ocrx_word' id='word_1_123' title='bbox 848 1719 934 1781; x_wconf 89' lang='lat' dir='ltr'><strong>suos,</strong></span> <span class='ocrx_word' id='word_1_124' title='bbox 981 1694 1038 1761; x_wconf 91' lang='lat' dir='ltr'><strong>ubi</strong></span> <span class='ocrx_word' id='word_1_125' title='bbox 1073 1696 1204 1766; x_wconf 83' lang='lat' dir='ltr'><strong>tandem</strong></span> <span class='ocrx_word' id='word_1_126' title='bbox 1234 1697 1278 1763; x_wconf 92' lang='lat' dir='ltr'><strong>ad</strong></span> <span class='ocrx_word' id='word_1_127' title='bbox 1314 1699 1416 1764; x_wconf 88' lang='lat' dir='ltr'><strong>finem</strong></span> 
     </span>
     <span class='ocr_line' id='line_1_15' title="bbox 121 1800 1414 1890; baseline 0 -21"><span class='ocrx_word' id='word_1_128' title='bbox 121 1801 282 1888; x_wconf 76' lang='lat' dir='ltr'><strong>Georgium</strong></span> <span class='ocrx_word' id='word_1_129' title='bbox 303 1800 479 1869; x_wconf 81' lang='lat' dir='ltr'><strong>Miscensis</strong></span> <span class='ocrx_word' id='word_1_130' title='bbox 501 1803 654 1890; x_wconf 89' lang='lat' dir='ltr'><strong>princeps</strong></span> <span class='ocrx_word' id='word_1_131' title='bbox 677 1801 815 1867; x_wconf 89' lang='lat' dir='ltr'><strong>eundem</strong></span> <span class='ocrx_word' id='word_1_132' title='bbox 839 1800 995 1867; x_wconf 86' lang='lat' dir='ltr'><strong>decollari</strong></span> <span class='ocrx_word' id='word_1_133' title='bbox 1011 1801 1121 1887; x_wconf 81' lang='lat' dir='ltr'><strong>jussit,</strong></span> <span class='ocrx_word' id='word_1_134' title='bbox 1156 1801 1232 1888; x_wconf 86' lang='lat' dir='ltr'><strong>quia</strong></span> <span class='ocrx_word' id='word_1_135' title='bbox 1254 1803 1414 1889; x_wconf 90' lang='lat' dir='ltr'><strong>populum</strong></span> 
     </span>
     <span class='ocr_line' id='line_1_16' title="bbox 120 1903 1417 1995; baseline 0.001 -23"><span class='ocrx_word' id='word_1_136' title='bbox 120 1905 213 1973; x_wconf 90' lang='lat' dir='ltr'><strong>illum</strong></span> <span class='ocrx_word' id='word_1_137' title='bbox 235 1907 444 1995; x_wconf 86' lang='lat' dir='ltr'><strong>perduxisset</strong></span> <span class='ocrx_word' id='word_1_138' title='bbox 465 1906 500 1973; x_wconf 81' lang='lat' dir='ltr'><strong>in&#39;</strong></span> <span class='ocrx_word' id='word_1_139' title='bbox 533 1909 708 1974; x_wconf 89' lang='lat' dir='ltr'><strong>interitum.</strong></span> <span class='ocrx_word' id='word_1_140' title='bbox 752 1906 847 1973; x_wconf 90' lang='lat' dir='ltr'><strong>Alius</strong></span> <span class='ocrx_word' id='word_1_141' title='bbox 878 1904 1012 1973; x_wconf 90' lang='lat' dir='ltr'><strong>volebat</strong></span> <span class='ocrx_word' id='word_1_142' title='bbox 1031 1903 1229 1990; x_wconf 78' lang='lat' dir='ltr'><strong>imaginibus</strong></span> <span class='ocrx_word' id='word_1_143' title='bbox 1259 1908 1417 1973; x_wconf 87' lang='lat' dir='ltr'><strong>exscissis</strong></span> 
     </span>
     <span class='ocr_line' id='line_1_17' title="bbox 121 2009 1417 2100; baseline 0.002 -25"><span class='ocrx_word' id='word_1_144' title='bbox 121 2012 228 2100; x_wconf 88' lang='lat' dir='ltr'><strong>capita</strong></span> <span class='ocrx_word' id='word_1_145' title='bbox 250 2011 412 2079; x_wconf 77' lang='lat' dir='ltr'><strong>decutere.</strong></span> <span class='ocrx_word' id='word_1_146' title='bbox 455 2011 550 2079; x_wconf 83' lang='lat' dir='ltr'><strong>Alius</strong></span> <span class='ocrx_word' id='word_1_147' title='bbox 585 2035 621 2078; x_wconf 93' lang='lat' dir='ltr'><strong>se</strong></span> <span class='ocrx_word' id='word_1_148' title='bbox 652 2010 819 2078; x_wconf 90' lang='lat' dir='ltr'><strong>inebrians</strong></span> <span class='ocrx_word' id='word_1_149' title='bbox 853 2010 947 2093; x_wconf 87' lang='lat' dir='ltr'><strong>dixit,</strong></span> <span class='ocrx_word' id='word_1_150' title='bbox 979 2009 1088 2075; x_wconf 89' lang='lat' dir='ltr'><strong>Deum</strong></span> <span class='ocrx_word' id='word_1_151' title='bbox 1122 2010 1220 2074; x_wconf 89' lang='lat' dir='ltr'><strong>etiam</strong></span> <span class='ocrx_word' id='word_1_152' title='bbox 1241 2009 1362 2077; x_wconf 89' lang='lat' dir='ltr'><strong>adesse</strong></span> <span class='ocrx_word' id='word_1_153' title='bbox 1383 2014 1417 2078; x_wconf 95' lang='lat' dir='ltr'><strong>in</strong></span> 
     </span>
     <span class='ocr_line' id='line_1_18' title="bbox 119 2114 1417 2206; baseline 0.001 -25"><span class='ocrx_word' id='word_1_154' title='bbox 119 2123 267 2182; x_wconf 84' lang='lat' dir='ltr'><strong>creatura</strong></span> <span class='ocrx_word' id='word_1_155' title='bbox 299 2124 443 2199; x_wconf 90' lang='lat' dir='ltr'><strong>catenae,</strong></span> <span class='ocrx_word' id='word_1_156' title='bbox 479 2125 511 2181; x_wconf 89' lang='lat' dir='ltr'><strong>et</strong></span> <span class='ocrx_word' id='word_1_157' title='bbox 540 2115 597 2181; x_wconf 90' lang='lat' dir='ltr'><strong>alii</strong></span> <span class='ocrx_word' id='word_1_158' title='bbox 617 2114 713 2181; x_wconf 92' lang='lat' dir='ltr'><strong>aliter</strong></span> <span class='ocrx_word' id='word_1_159' title='bbox 734 2114 897 2198; x_wconf 88' lang='lat' dir='ltr'><strong>dicebant,</strong></span> <span class='ocrx_word' id='word_1_160' title='bbox 928 2114 985 2181; x_wconf 92' lang='lat' dir='ltr'><strong>ubi</strong></span> <span class='ocrx_word' id='word_1_161' title='bbox 1004 2115 1148 2180; x_wconf 86' lang='lat' dir='ltr'><strong>maxima</strong></span> <span class='ocrx_word' id='word_1_162' title='bbox 1170 2137 1213 2179; x_wconf 84' lang='lat' dir='ltr'><strong>ex</strong></span> <span class='ocrx_word' id='word_1_163' title='bbox 1239 2125 1335 2201; x_wconf 86' lang='lat' dir='ltr'><strong>parte</strong></span> <span class='ocrx_word' id='word_1_164' title='bbox 1359 2139 1417 2206; x_wconf 90' lang='lat' dir='ltr'><strong>per</strong></span> 
     </span>
     <span class='ocr_line' id='line_1_19' title="bbox 119 2217 1419 2308; baseline -0.002 -21"><span class='ocrx_word' id='word_1_165' title='bbox 119 2220 201 2287; x_wconf 88' lang='lat' dir='ltr'><strong>tales</strong></span> <span class='ocrx_word' id='word_1_166' title='bbox 233 2220 360 2287; x_wconf 90' lang='lat' dir='ltr'><strong>fabulas</strong></span> <span class='ocrx_word' id='word_1_167' title='bbox 397 2231 429 2286; x_wconf 91' lang='lat' dir='ltr'><strong>et</strong></span> <span class='ocrx_word' id='word_1_168' title='bbox 458 2219 545 2286; x_wconf 89' lang='lat' dir='ltr'><strong>dicta</strong></span> <span class='ocrx_word' id='word_1_169' title='bbox 576 2220 726 2308; x_wconf 91' lang='lat' dir='ltr'><strong>improba</strong></span> <span class='ocrx_word' id='word_1_170' title='bbox 759 2241 891 2286; x_wconf 88' lang='lat' dir='ltr'><strong>causam</strong></span> <span class='ocrx_word' id='word_1_171' title='bbox 936 2218 1057 2284; x_wconf 90' lang='lat' dir='ltr'><strong>dedere</strong></span> <span class='ocrx_word' id='word_1_172' title='bbox 1090 2217 1133 2282; x_wconf 90' lang='lat' dir='ltr'><strong>ad</strong></span> <span class='ocrx_word' id='word_1_173' title='bbox 1166 2218 1351 2287; x_wconf 88' lang='lat' dir='ltr'><strong>discordias</strong></span> <span class='ocrx_word' id='word_1_174' title='bbox 1387 2232 1419 2287; x_wconf 89' lang='lat' dir='ltr'><strong>et</strong></span> 
     </span>
     <span class='ocr_line' id='line_1_20' title="bbox 120 2321 1420 2411; baseline -0.001 -20"><span class='ocrx_word' id='word_1_175' title='bbox 120 2347 232 2392; x_wconf 90' lang='lat' dir='ltr'><strong>earum</strong></span> <span class='ocrx_word' id='word_1_176' title='bbox 253 2323 438 2411; x_wconf 85' lang='lat' dir='ltr'><strong>augendum</strong></span> <span class='ocrx_word' id='word_1_177' title='bbox 460 2323 657 2391; x_wconf 90' lang='lat' dir='ltr'><strong>incendium.</strong></span> <span class='ocrx_word' id='word_1_178' title='bbox 701 2323 747 2388; x_wconf 88' lang='lat' dir='ltr'><strong>Hi</strong></span> <span class='ocrx_word' id='word_1_179' title='bbox 783 2345 896 2388; x_wconf 91' lang='lat' dir='ltr'><strong>omnes</strong></span> <span class='ocrx_word' id='word_1_180' title='bbox 918 2331 1028 2388; x_wconf 89' lang='lat' dir='ltr'><strong>autem</strong></span> <span class='ocrx_word' id='word_1_181' title='bbox 1058 2321 1146 2387; x_wconf 91' lang='lat' dir='ltr'><strong>domi</strong></span> <span class='ocrx_word' id='word_1_182' title='bbox 1167 2335 1420 2410; x_wconf 89' lang='lat' dir='ltr'><strong>permanserunt</strong></span> 
     </span>
     <span class='ocr_line' id='line_1_21' title="bbox 122 2427 1418 2511; baseline 0 -16"><span class='ocrx_word' id='word_1_183' title='bbox 122 2428 167 2495; x_wconf 89' lang='lat' dir='ltr'><strong>ob</strong></span> <span class='ocrx_word' id='word_1_184' title='bbox 188 2428 335 2495; x_wconf 90' lang='lat' dir='ltr'><strong>favorem</strong></span> <span class='ocrx_word' id='word_1_185' title='bbox 357 2436 390 2494; x_wconf 89' lang='lat' dir='ltr'><strong>et</strong></span> <span class='ocrx_word' id='word_1_186' title='bbox 410 2427 605 2501; x_wconf 86' lang='lat' dir='ltr'><strong>mercedem.</strong></span> <span class='ocrx_word' id='word_1_187' title='bbox 628 2427 694 2511; x_wconf 77' lang='lat' dir='ltr'><strong>Qui</strong></span> <span class='ocrx_word' id='word_1_188' title='bbox 715 2429 851 2495; x_wconf 87' lang='lat' dir='ltr'><strong>veroin</strong></span> <span class='ocrx_word' id='word_1_189' title='bbox 873 2427 960 2493; x_wconf 91' lang='lat' dir='ltr'><strong>bona</strong></span> <span class='ocrx_word' id='word_1_190' title='bbox 976 2427 1200 2493; x_wconf 85' lang='lat' dir='ltr'><strong>aestimatione</strong></span> <span class='ocrx_word' id='word_1_191' title='bbox 1223 2435 1255 2492; x_wconf 90' lang='lat' dir='ltr'><strong>et</strong></span> <span class='ocrx_word' id='word_1_192' title='bbox 1281 2427 1418 2495; x_wconf 87' lang='lat' dir='ltr'><strong>honesto</strong></span> 
     </span>
     <span class='ocr_line' id='line_1_22' title="bbox 121 2531 1416 2620; baseline -0.001 -21"><span class='ocrx_word' id='word_1_193' title='bbox 121 2541 283 2599; x_wconf 87' lang='lat' dir='ltr'><strong>conventu</strong></span> <span class='ocrx_word' id='word_1_194' title='bbox 311 2555 369 2620; x_wconf 91' lang='lat' dir='ltr'><strong>pro</strong></span> <span class='ocrx_word' id='word_1_195' title='bbox 404 2531 527 2598; x_wconf 91' lang='lat' dir='ltr'><strong>honore</strong></span> <span class='ocrx_word' id='word_1_196' title='bbox 561 2541 593 2598; x_wconf 93' lang='lat' dir='ltr'><strong>et</strong></span> <span class='ocrx_word' id='word_1_197' title='bbox 615 2531 712 2598; x_wconf 90' lang='lat' dir='ltr'><strong>laude</strong></span> <span class='ocrx_word' id='word_1_198' title='bbox 744 2532 810 2598; x_wconf 90' lang='lat' dir='ltr'><strong>Dei</strong></span> <span class='ocrx_word' id='word_1_199' title='bbox 844 2531 1004 2619; x_wconf 88' lang='lat' dir='ltr'><strong>quaedam</strong></span> <span class='ocrx_word' id='word_1_200' title='bbox 1038 2531 1182 2618; x_wconf 87' lang='lat' dir='ltr'><strong>protulit,</strong></span> <span class='ocrx_word' id='word_1_201' title='bbox 1215 2531 1334 2598; x_wconf 87' lang='lat' dir='ltr'><strong>nolens</strong></span> <span class='ocrx_word' id='word_1_202' title='bbox 1369 2556 1416 2600; x_wconf 90' lang='lat' dir='ltr'><strong>res</strong></span> 
     </span>
     <span class='ocr_line' id='line_1_23' title="bbox 121 2636 1417 2726; baseline 0.002 -23"><span class='ocrx_word' id='word_1_203' title='bbox 121 2637 213 2703; x_wconf 87' lang='lat' dir='ltr'><strong>fictas</strong></span> <span class='ocrx_word' id='word_1_204' title='bbox 246 2644 279 2702; x_wconf 90' lang='lat' dir='ltr'><strong>et</strong></span> <span class='ocrx_word' id='word_1_205' title='bbox 310 2639 512 2723; x_wconf 83' lang='lat' dir='ltr'><strong>excogitatas</strong></span> <span class='ocrx_word' id='word_1_206' title='bbox 534 2638 701 2704; x_wconf 90' lang='lat' dir='ltr'><strong>hominum</strong></span> <span class='ocrx_word' id='word_1_207' title='bbox 731 2637 917 2715; x_wconf 90' lang='lat' dir='ltr'><strong>defendere,</strong></span> <span class='ocrx_word' id='word_1_208' title='bbox 948 2636 1030 2702; x_wconf 88' lang='lat' dir='ltr'><strong>tales</strong></span> <span class='ocrx_word' id='word_1_209' title='bbox 1063 2636 1282 2726; x_wconf 88' lang='lat' dir='ltr'><strong>blasphemos,</strong></span> <span class='ocrx_word' id='word_1_210' title='bbox 1320 2640 1417 2706; x_wconf 88' lang='lat' dir='ltr'><strong>Pick·</strong></span> 
     </span>
    </p>
   </div>
   <div class='ocr_carea' id='block_1_2' title="bbox 119 2739 1421 3249">
    <p class='ocr_par' dir='ltr' id='par_1_2' title="bbox 119 2739 1421 3249">
     <span class='ocr_line' id='line_1_24' title="bbox 119 2739 1421 2831; baseline 0.002 -24"><span class='ocrx_word' id='word_1_211' title='bbox 119 2740 240 2824; x_wconf 79' lang='lat' dir='ltr'><strong>bartas,</strong></span> <span class='ocrx_word' id='word_1_212' title='bbox 273 2739 444 2809; x_wconf 87' lang='lat' dir='ltr'><strong>seditiosos</strong></span> <span class='ocrx_word' id='word_1_213' title='bbox 466 2741 722 2831; x_wconf 86' lang='lat' dir='ltr'><strong>appellaverunt,</strong></span> <span class='ocrx_word' id='word_1_214' title='bbox 758 2741 889 2807; x_wconf 89' lang='lat' dir='ltr'><strong>eosdem</strong></span> <span class='ocrx_word' id='word_1_215' title='bbox 910 2748 1155 2830; x_wconf 87' lang='lat' dir='ltr'><strong>persequentes,</strong></span> <span class='ocrx_word' id='word_1_216' title='bbox 1188 2765 1241 2808; x_wconf 89' lang='lat' dir='ltr'><strong>res</strong></span> <span class='ocrx_word' id='word_1_217' title='bbox 1271 2741 1369 2809; x_wconf 82' lang='lat' dir='ltr'><strong>fictas</strong></span> <span class='ocrx_word' id='word_1_218' title='bbox 1389 2754 1421 2809; x_wconf 86' lang='lat' dir='ltr'><strong>et</strong></span> 
     </span>
     <span class='ocr_line' id='line_1_25' title="bbox 119 2832 1419 2936; baseline 0 -23"><span class='ocrx_word' id='word_1_219' title='bbox 119 2832 362 2935; x_wconf 79' lang='lat' dir='ltr'><strong>improbabiles,</strong></span> <span class='ocrx_word' id='word_1_220' title='bbox 385 2869 425 2914; x_wconf 89' lang='lat' dir='ltr'><strong>ac</strong></span> <span class='ocrx_word' id='word_1_221' title='bbox 445 2846 618 2913; x_wconf 89' lang='lat' dir='ltr'><strong>mendacia</strong></span> <span class='ocrx_word' id='word_1_222' title='bbox 639 2848 687 2913; x_wconf 87' lang='lat' dir='ltr'><strong>eis</strong></span> <span class='ocrx_word' id='word_1_223' title='bbox 708 2848 966 2936; x_wconf 84' lang='lat' dir='ltr'><strong>appropriantes,</strong></span> <span class='ocrx_word' id='word_1_224' title='bbox 990 2869 1034 2912; x_wconf 86' lang='lat' dir='ltr'><strong>ex</strong></span> <span class='ocrx_word' id='word_1_225' title='bbox 1058 2846 1191 2912; x_wconf 88' lang='lat' dir='ltr'><strong>civitate</strong></span> <span class='ocrx_word' id='word_1_226' title='bbox 1212 2847 1348 2913; x_wconf 90' lang='lat' dir='ltr'><strong>tandem</strong></span> <span class='ocrx_word' id='word_1_227' title='bbox 1366 2870 1419 2915; x_wconf 87' lang='lat' dir='ltr'><strong>eos</strong></span> 
     </span>
     <span class='ocr_line' id='line_1_26' title="bbox 122 2949 1417 3040; baseline 0 -21"><span class='ocrx_word' id='word_1_228' title='bbox 122 2950 337 3039; x_wconf 85' lang='lat' dir='ltr'><strong>expulerunt,</strong></span> <span class='ocrx_word' id='word_1_229' title='bbox 369 2952 425 3040; x_wconf 89' lang='lat' dir='ltr'><strong>qui</strong></span> <span class='ocrx_word' id='word_1_230' title='bbox 453 2974 522 3018; x_wconf 92' lang='lat' dir='ltr'><strong>non</strong></span> <span class='ocrx_word' id='word_1_231' title='bbox 549 2951 733 3017; x_wconf 81' lang='lat' dir='ltr'><strong>habuerrmt</strong></span> <span class='ocrx_word' id='word_1_232' title='bbox 764 2949 873 3016; x_wconf 86' lang='lat' dir='ltr'><strong>media</strong></span> <span class='ocrx_word' id='word_1_233' title='bbox 902 2949 945 3015; x_wconf 90' lang='lat' dir='ltr'><strong>ad</strong></span> <span class='ocrx_word' id='word_1_234' title='bbox 978 2971 1013 3015; x_wconf 92' lang='lat' dir='ltr'><strong>se</strong></span> <span class='ocrx_word' id='word_1_235' title='bbox 1050 2949 1296 3034; x_wconf 83' lang='lat' dir='ltr'><strong>exsolvendum,</strong></span> <span class='ocrx_word' id='word_1_236' title='bbox 1316 3008 1320 3015; x_wconf 77' lang='grc'>,</span> <span class='ocrx_word' id='word_1_237' title='bbox 1341 2953 1417 3019; x_wconf 85' lang='lat' dir='ltr'><strong>alios</strong></span> 
     </span>
     <span class='ocr_line' id='line_1_27' title="bbox 121 3054 1420 3141; baseline 0.003 -21"><span class='ocrx_word' id='word_1_238' title='bbox 121 3056 220 3121; x_wconf 89' lang='lat' dir='ltr'><strong>curiis</strong></span> <span class='ocrx_word' id='word_1_239' title='bbox 250 3054 464 3138; x_wconf 89' lang='lat' dir='ltr'><strong>tradiderunt,</strong></span> <span class='ocrx_word' id='word_1_240' title='bbox 505 3065 538 3121; x_wconf 93' lang='lat' dir='ltr'><strong>et</strong></span> <span class='ocrx_word' id='word_1_241' title='bbox 560 3078 615 3120; x_wconf 92' lang='lat' dir='ltr'><strong>eos</strong></span> <span class='ocrx_word' id='word_1_242' title='bbox 654 3054 786 3120; x_wconf 91' lang='lat' dir='ltr'><strong>tandem</strong></span> <span class='ocrx_word' id='word_1_243' title='bbox 820 3054 1057 3140; x_wconf 87' lang='lat' dir='ltr'><strong>relegaverunt.</strong></span> <span class='ocrx_word' id='word_1_244' title='bbox 1100 3054 1258 3141; x_wconf 85' lang='lat' dir='ltr'><strong>Magister</strong></span> <span class='ocrx_word' id='word_1_245' title='bbox 1293 3057 1420 3123; x_wconf 87' lang='lat' dir='ltr'><strong>Passek</strong></span> 
     </span>
     <span class='ocr_line' id='line_1_28' title="bbox 123 3158 1419 3249; baseline 0.002 -23"><span class='ocrx_word' id='word_1_246' title='bbox 123 3182 202 3227; x_wconf 86' lang='lat' dir='ltr'><strong>vero</strong></span> <span class='ocrx_word' id='word_1_247' title='bbox 224 3167 371 3249; x_wconf 88' lang='lat' dir='ltr'><strong>tempore</strong></span> <span class='ocrx_word' id='word_1_248' title='bbox 406 3159 521 3225; x_wconf 86' lang='lat' dir='ltr'><strong>harum</strong></span> <span class='ocrx_word' id='word_1_249' title='bbox 542 3158 777 3226; x_wconf 90' lang='lat' dir='ltr'><strong>discordiarum</strong></span> <span class='ocrx_word' id='word_1_250' title='bbox 803 3158 1061 3246; x_wconf 88' lang='lat' dir='ltr'><strong>supradictarum</strong></span> <span class='ocrx_word' id='word_1_251' title='bbox 1101 3158 1210 3225; x_wconf 90' lang='lat' dir='ltr'><strong>locum</strong></span> <span class='ocrx_word' id='word_1_252' title='bbox 1244 3161 1280 3225; x_wconf 93' lang='lat' dir='ltr'><strong>in</strong></span> <span class='ocrx_word' id='word_1_253' title='bbox 1303 3171 1419 3229; x_wconf 89' lang='lat' dir='ltr'><strong>senatu</strong></span> 
     </span>
    </p>
   </div>
   <div class='ocr_carea' id='block_1_3' title="bbox 57 3263 1462 4820">
    <p class='ocr_par' dir='ltr' id='par_1_3' title="bbox 57 3263 1462 4820">
     <span class='ocr_line' id='line_1_29' title="bbox 127 3263 1422 3354; baseline 0.002 -23"><span class='ocrx_word' id='word_1_254' title='bbox 127 3264 278 3331; x_wconf 85' lang='lat' dir='ltr'><strong>obtinens</strong></span> <span class='ocrx_word' id='word_1_255' title='bbox 300 3265 500 3354; x_wconf 89' lang='lat' dir='ltr'><strong>primarium,</strong></span> <span class='ocrx_word' id='word_1_256' title='bbox 534 3264 611 3330; x_wconf 91' lang='lat' dir='ltr'><strong>dum</strong></span> <span class='ocrx_word' id='word_1_257' title='bbox 639 3267 738 3353; x_wconf 85' lang='lat' dir='ltr'><strong>juxta</strong></span> <span class='ocrx_word' id='word_1_258' title='bbox 770 3263 969 3331; x_wconf 89' lang='lat' dir='ltr'><strong>voluntatem</strong></span> <span class='ocrx_word' id='word_1_259' title='bbox 992 3265 1063 3351; x_wconf 89' lang='lat' dir='ltr'><strong>ejus</strong></span> <span class='ocrx_word' id='word_1_260' title='bbox 1090 3263 1246 3352; x_wconf 89' lang='lat' dir='ltr'><strong>adjuvare</strong></span> <span class='ocrx_word' id='word_1_261' title='bbox 1279 3267 1422 3334; x_wconf 90' lang='lat' dir='ltr'><strong>eundem</strong></span> 
     </span>
     <span class='ocr_line' id='line_1_30' title="bbox 124 3366 1422 3458; baseline 0.002 -22"><span class='ocrx_word' id='word_1_262' title='bbox 124 3369 314 3454; x_wconf 84' lang='lat' dir='ltr'><strong>noluissent,</strong></span> <span class='ocrx_word' id='word_1_263' title='bbox 340 3371 376 3435; x_wconf 92' lang='lat' dir='ltr'><strong>in</strong></span> <span class='ocrx_word' id='word_1_264' title='bbox 398 3369 637 3458; x_wconf 85' lang='lat' dir='ltr'><strong>supprimendis</strong></span> <span class='ocrx_word' id='word_1_265' title='bbox 650 3369 757 3436; x_wconf 90' lang='lat' dir='ltr'><strong>eidem</strong></span> <span class='ocrx_word' id='word_1_266' title='bbox 777 3369 945 3435; x_wconf 88' lang='lat' dir='ltr'><strong>inutilibus</strong></span> <span class='ocrx_word' id='word_1_267' title='bbox 962 3368 1089 3434; x_wconf 90' lang='lat' dir='ltr'><strong>civibus</strong></span> <span class='ocrx_word' id='word_1_268' title='bbox 1113 3368 1156 3434; x_wconf 91' lang='lat' dir='ltr'><strong>ad</strong></span> <span class='ocrx_word' id='word_1_269' title='bbox 1174 3366 1422 3457; x_wconf 78' lang='lat' dir='ltr'><strong>ejusfabulosas</strong></span> 
     </span>
     <span class='ocr_line' id='line_1_31' title="bbox 126 3472 1420 3563; baseline 0.002 -23"><span class='ocrx_word' id='word_1_270' title='bbox 126 3474 304 3541; x_wconf 88' lang='lat' dir='ltr'><strong>delationes</strong></span> <span class='ocrx_word' id='word_1_271' title='bbox 337 3483 450 3541; x_wconf 91' lang='lat' dir='ltr'><strong>contra</strong></span> <span class='ocrx_word' id='word_1_272' title='bbox 477 3476 533 3563; x_wconf 89' lang='lat' dir='ltr'><strong>jus</strong></span> <span class='ocrx_word' id='word_1_273' title='bbox 568 3484 601 3541; x_wconf 91' lang='lat' dir='ltr'><strong>et</strong></span> <span class='ocrx_word' id='word_1_274' title='bbox 640 3475 872 3557; x_wconf 87' lang='lat' dir='ltr'><strong>ordinationes,</strong></span> <span class='ocrx_word' id='word_1_275' title='bbox 907 3476 1004 3540; x_wconf 90' lang='lat' dir='ltr'><strong>etiam</strong></span> <span class='ocrx_word' id='word_1_276' title='bbox 1032 3472 1089 3538; x_wconf 91' lang='lat' dir='ltr'><strong>ille</strong></span> <span class='ocrx_word' id='word_1_277' title='bbox 1125 3494 1199 3538; x_wconf 92' lang='lat' dir='ltr'><strong>cum</strong></span> <span class='ocrx_word' id='word_1_278' title='bbox 1222 3477 1420 3560; x_wconf 85' lang='lat' dir='ltr'><strong>sequacibus</strong></span> 
     </span>
     <span class='ocr_line' id='line_1_32' title="bbox 127 3564 1422 3670; baseline 0.001 -23"><span class='ocrx_word' id='word_1_279' title='bbox 127 3579 197 3664; x_wconf 89' lang='lat' dir='ltr'><strong>ejus</strong></span> <span class='ocrx_word' id='word_1_280' title='bbox 218 3578 323 3644; x_wconf 91' lang='lat' dir='ltr'><strong>noluit</strong></span> <span class='ocrx_word' id='word_1_281' title='bbox 354 3578 529 3668; x_wconf 88' lang='lat' dir='ltr'><strong>quidquam</strong></span> <span class='ocrx_word' id='word_1_282' title='bbox 552 3580 586 3645; x_wconf 89' lang='lat' dir='ltr'><strong>in</strong></span> <span class='ocrx_word' id='word_1_283' title='bbox 613 3579 712 3646; x_wconf 87' lang='lat' dir='ltr'><strong>finem</strong></span> <span class='ocrx_word' id='word_1_284' title='bbox 734 3564 906 3660; x_wconf 90' lang='lat' dir='ltr'><strong>deducere,</strong></span> <span class='ocrx_word' id='word_1_285' title='bbox 940 3577 999 3644; x_wconf 93' lang='lat' dir='ltr'><strong>sed</strong></span> <span class='ocrx_word' id='word_1_286' title='bbox 1030 3576 1119 3643; x_wconf 88' lang='lat' dir='ltr'><strong>mala</strong></span> <span class='ocrx_word' id='word_1_287' title='bbox 1146 3600 1266 3664; x_wconf 87' lang='lat' dir='ltr'><strong>augere</strong></span> <span class='ocrx_word' id='word_1_288' title='bbox 1287 3581 1422 3670; x_wconf 89' lang='lat' dir='ltr'><strong>incepit,</strong></span> 
     </span>
     <span class='ocr_line' id='line_1_33' title="bbox 124 3681 1423 3771; baseline -0.001 -18"><span class='ocrx_word' id='word_1_289' title='bbox 124 3685 232 3753; x_wconf 89' lang='lat' dir='ltr'><strong>donec</strong></span> <span class='ocrx_word' id='word_1_290' title='bbox 253 3682 383 3750; x_wconf 81' lang='lat' dir='ltr'><strong>culmen</strong></span> <span class='ocrx_word' id='word_1_291' title='bbox 398 3682 484 3766; x_wconf 88' lang='lat' dir='ltr'><strong>juris</strong></span> <span class='ocrx_word' id='word_1_292' title='bbox 505 3685 698 3771; x_wconf 81' lang='lat' dir='ltr'><strong>attigissent,</strong></span> <span class='ocrx_word' id='word_1_293' title='bbox 723 3691 756 3749; x_wconf 92' lang='lat' dir='ltr'><strong>et</strong></span> <span class='ocrx_word' id='word_1_294' title='bbox 777 3682 958 3750; x_wconf 86' lang='lat' dir='ltr'><strong>voluntarie</strong></span> <span class='ocrx_word' id='word_1_295' title='bbox 980 3681 1097 3758; x_wconf 79' lang='lat' dir='ltr'><strong>omisit,</strong></span> <span class='ocrx_word' id='word_1_296' title='bbox 1134 3704 1217 3766; x_wconf 88' lang='lat' dir='ltr'><strong>quae</strong></span> <span class='ocrx_word' id='word_1_297' title='bbox 1239 3682 1351 3750; x_wconf 87' lang='lat' dir='ltr'><strong>debite</strong></span> <span class='ocrx_word' id='word_1_298' title='bbox 1374 3709 1423 3752; x_wconf 92' lang='lat' dir='ltr'><strong>re·</strong></span> 
     </span>
     <span class='ocr_line' id='line_1_34' title="bbox 125 3785 1423 3879; baseline 0 -23"><span class='ocrx_word' id='word_1_299' title='bbox 125 3810 242 3879; x_wconf 85' lang='lat' dir='ltr'><strong>parare</strong></span> <span class='ocrx_word' id='word_1_300' title='bbox 263 3785 440 3869; x_wconf 87' lang='lat' dir='ltr'><strong>debuisset,</strong></span> <span class='ocrx_word' id='word_1_301' title='bbox 463 3787 528 3855; x_wconf 91' lang='lat' dir='ltr'><strong>illis</strong></span> <span class='ocrx_word' id='word_1_302' title='bbox 552 3811 630 3855; x_wconf 87' lang='lat' dir='ltr'><strong>vero</strong></span> <span class='ocrx_word' id='word_1_303' title='bbox 652 3788 802 3869; x_wconf 88' lang='lat' dir='ltr'><strong>inhaesit,</strong></span> <span class='ocrx_word' id='word_1_304' title='bbox 825 3809 909 3872; x_wconf 90' lang='lat' dir='ltr'><strong>quae</strong></span> <span class='ocrx_word' id='word_1_305' title='bbox 926 3787 1016 3874; x_wconf 87' lang='lat' dir='ltr'><strong>juste</strong></span> <span class='ocrx_word' id='word_1_306' title='bbox 1038 3788 1216 3876; x_wconf 84' lang='lat' dir='ltr'><strong>praeterire</strong></span> <span class='ocrx_word' id='word_1_307' title='bbox 1237 3787 1423 3873; x_wconf 81' lang='lat' dir='ltr'><strong>debuisset3</strong></span> 
     </span>
     <span class='ocr_line' id='line_1_35' title="bbox 125 3889 1424 3980; baseline -0.001 -21"><span class='ocrx_word' id='word_1_308' title='bbox 125 3896 172 3959; x_wconf 88' lang='lat' dir='ltr'><strong>ita</strong></span> <span class='ocrx_word' id='word_1_309' title='bbox 193 3891 280 3980; x_wconf 90' lang='lat' dir='ltr'><strong>quod</strong></span> <span class='ocrx_word' id='word_1_310' title='bbox 302 3890 360 3975; x_wconf 89' lang='lat' dir='ltr'><strong>illi,</strong></span> <span class='ocrx_word' id='word_1_311' title='bbox 383 3893 439 3979; x_wconf 88' lang='lat' dir='ltr'><strong>qni</strong></span> <span class='ocrx_word' id='word_1_312' title='bbox 461 3893 581 3958; x_wconf 90' lang='lat' dir='ltr'><strong>similia</strong></span> <span class='ocrx_word' id='word_1_313' title='bbox 603 3891 794 3958; x_wconf 86' lang='lat' dir='ltr'><strong>cavillanter</strong></span> <span class='ocrx_word' id='word_1_314' title='bbox 816 3890 915 3955; x_wconf 90' lang='lat' dir='ltr'><strong>locuti</strong></span> <span class='ocrx_word' id='word_1_315' title='bbox 936 3889 1075 3972; x_wconf 84' lang='lat' dir='ltr'><strong>fuerunt,</strong></span> <span class='ocrx_word' id='word_1_316' title='bbox 1105 3900 1180 3976; x_wconf 91' lang='lat' dir='ltr'><strong>post</strong></span> <span class='ocrx_word' id='word_1_317' title='bbox 1189 3890 1249 3955; x_wconf 90' lang='lat' dir='ltr'><strong>hos</strong></span> <span class='ocrx_word' id='word_1_318' title='bbox 1266 3894 1424 3958; x_wconf 91' lang='lat' dir='ltr'><strong>tumultus</strong></span> 
     </span>
     <span class='ocr_line' id='line_1_36' title="bbox 128 3996 1424 4085; baseline 0.001 -22"><span class='ocrx_word' id='word_1_319' title='bbox 128 3998 255 4084; x_wconf 85' lang='lat' dir='ltr'><strong>Pragae</strong></span> <span class='ocrx_word' id='word_1_320' title='bbox 277 3996 400 4084; x_wconf 89' lang='lat' dir='ltr'><strong>absque</strong></span> <span class='ocrx_word' id='word_1_321' title='bbox 421 3997 510 4063; x_wconf 88' lang='lat' dir='ltr'><strong>omni</strong></span> <span class='ocrx_word' id='word_1_322' title='bbox 532 3998 758 4084; x_wconf 89' lang='lat' dir='ltr'><strong>persecutione</strong></span> <span class='ocrx_word' id='word_1_323' title='bbox 779 3997 1033 4082; x_wconf 79' lang='lat' dir='ltr'><strong>permanserint3</strong></span> <span class='ocrx_word' id='word_1_324' title='bbox 1055 4003 1124 4060; x_wconf 91' lang='lat' dir='ltr'><strong>tum</strong></span> <span class='ocrx_word' id='word_1_325' title='bbox 1152 4003 1340 4081; x_wconf 87' lang='lat' dir='ltr'><strong>portaverat</strong></span> <span class='ocrx_word' id='word_1_326' title='bbox 1350 4020 1424 4085; x_wconf 91' lang='lat' dir='ltr'><strong>per·</strong></span> 
     </span>
     <span class='ocr_line' id='line_1_37' title="bbox 127 4100 1462 4187; baseline 0.001 -21"><span class='ocrx_word' id='word_1_327' title='bbox 127 4123 241 4168; x_wconf 89' lang='lat' dir='ltr'><strong>cussus</strong></span> <span class='ocrx_word' id='word_1_328' title='bbox 262 4101 422 4186; x_wconf 86' lang='lat' dir='ltr'><strong>illaesum,</strong></span> <span class='ocrx_word' id='word_1_329' title='bbox 456 4111 489 4166; x_wconf 93' lang='lat' dir='ltr'><strong>et</strong></span> <span class='ocrx_word' id='word_1_330' title='bbox 517 4100 636 4187; x_wconf 89' lang='lat' dir='ltr'><strong>quibus</strong></span> <span class='ocrx_word' id='word_1_331' title='bbox 658 4100 740 4165; x_wconf 90' lang='lat' dir='ltr'><strong>alios</strong></span> <span class='ocrx_word' id='word_1_332' title='bbox 763 4109 987 4181; x_wconf 83' lang='lat' dir='ltr'><strong>oneraverant,</strong></span> <span class='ocrx_word' id='word_1_333' title='bbox 1020 4100 1212 4186; x_wconf 89' lang='lat' dir='ltr'><strong>praesertim</strong></span> <span class='ocrx_word' id='word_1_334' title='bbox 1241 4101 1425 4167; x_wconf 83' lang='lat' dir='ltr'><strong>incarcera-</strong></span> <span class='ocrx_word' id='word_1_335' title='bbox 1459 4110 1462 4115; x_wconf 86' lang='lat'>&#39;</span> 
     </span>
     <span class='ocr_line' id='line_1_38' title="bbox 126 4203 1424 4293; baseline 0.001 -21"><span class='ocrx_word' id='word_1_336' title='bbox 126 4215 187 4290; x_wconf 89' lang='lat' dir='ltr'><strong>tos,</strong></span> <span class='ocrx_word' id='word_1_337' title='bbox 209 4205 416 4274; x_wconf 87' lang='lat' dir='ltr'><strong>haecomnia</strong></span> <span class='ocrx_word' id='word_1_338' title='bbox 437 4207 500 4273; x_wconf 92' lang='lat' dir='ltr'><strong>sibi</strong></span> <span class='ocrx_word' id='word_1_339' title='bbox 523 4207 603 4293; x_wconf 92' lang='lat' dir='ltr'><strong>ipsis</strong></span> <span class='ocrx_word' id='word_1_340' title='bbox 625 4204 848 4271; x_wconf 89' lang='lat' dir='ltr'><strong>inhaerebant</strong></span> <span class='ocrx_word' id='word_1_341' title='bbox 872 4204 987 4292; x_wconf 89' lang='lat' dir='ltr'><strong>Itaque</strong></span> <span class='ocrx_word' id='word_1_342' title='bbox 1010 4225 1031 4268; x_wconf 90' lang='lat' dir='ltr'><strong>a</strong></span> <span class='ocrx_word' id='word_1_343' title='bbox 1051 4203 1213 4291; x_wconf 90' lang='lat' dir='ltr'><strong>principio</strong></span> <span class='ocrx_word' id='word_1_344' title='bbox 1236 4204 1333 4293; x_wconf 87' lang='lat' dir='ltr'><strong>hujus</strong></span> <span class='ocrx_word' id='word_1_345' title='bbox 1356 4206 1424 4273; x_wconf 88' lang='lat' dir='ltr'><strong>dis·</strong></span> 
     </span>
     <span class='ocr_line' id='line_1_39' title="bbox 127 4307 1419 4401; baseline 0 -24"><span class='ocrx_word' id='word_1_346' title='bbox 127 4310 412 4401; x_wconf 90' lang='lat' dir='ltr'><strong>sensionisusque</strong></span> <span class='ocrx_word' id='word_1_347' title='bbox 434 4310 606 4393; x_wconf 85' lang='lat' dir='ltr'><strong>adfinem,</strong></span> <span class='ocrx_word' id='word_1_348' title='bbox 645 4308 737 4392; x_wconf 91' lang='lat' dir='ltr'><strong>false,</strong></span> <span class='ocrx_word' id='word_1_349' title='bbox 770 4308 993 4375; x_wconf 82' lang='lat' dir='ltr'><strong>fraudulenter</strong></span> <span class='ocrx_word' id='word_1_350' title='bbox 1026 4318 1058 4375; x_wconf 91' lang='lat' dir='ltr'><strong>et</strong></span> <span class='ocrx_word' id='word_1_351' title='bbox 1090 4307 1264 4374; x_wconf 91' lang='lat' dir='ltr'><strong>infideliter</strong></span> <span class='ocrx_word' id='word_1_352' title='bbox 1286 4333 1419 4397; x_wconf 88' lang='lat' dir='ltr'><strong>proces·</strong></span> 
     </span>
     <span class='ocr_line' id='line_1_40' title="bbox 129 4413 1425 4505; baseline -0.001 -23"><span class='ocrx_word' id='word_1_353' title='bbox 129 4424 248 4502; x_wconf 87' lang='lat' dir='ltr'><strong>serunt,</strong></span> <span class='ocrx_word' id='word_1_354' title='bbox 270 4417 375 4505; x_wconf 91' lang='lat' dir='ltr'><strong>primo</strong></span> <span class='ocrx_word' id='word_1_355' title='bbox 398 4437 472 4482; x_wconf 87' lang='lat' dir='ltr'><strong>cum</strong></span> <span class='ocrx_word' id='word_1_356' title='bbox 494 4413 546 4481; x_wconf 88' lang='lat' dir='ltr'><strong>his</strong></span> <span class='ocrx_word' id='word_1_357' title='bbox 567 4416 787 4491; x_wconf 88' lang='lat' dir='ltr'><strong>incarceratis,</strong></span> <span class='ocrx_word' id='word_1_358' title='bbox 809 4413 929 4480; x_wconf 88' lang='lat' dir='ltr'><strong>deinde</strong></span> <span class='ocrx_word' id='word_1_359' title='bbox 952 4435 1026 4481; x_wconf 88' lang='lat' dir='ltr'><strong>cum</strong></span> <span class='ocrx_word' id='word_1_360' title='bbox 1059 4413 1209 4481; x_wconf 89' lang='lat' dir='ltr'><strong>amnibus</strong></span> <span class='ocrx_word' id='word_1_361' title='bbox 1230 4414 1425 4504; x_wconf 87' lang='lat' dir='ltr'><strong>aliisPraga</strong></span> 
     </span>
     <span class='ocr_line' id='line_1_41' title="bbox 127 4519 1422 4611; baseline -0.002 -23"><span class='ocrx_word' id='word_1_362' title='bbox 127 4523 218 4588; x_wconf 88' lang='lat' dir='ltr'><strong>exire</strong></span> <span class='ocrx_word' id='word_1_363' title='bbox 235 4523 353 4610; x_wconf 87' lang='lat' dir='ltr'><strong>jussis;</strong></span> <span class='ocrx_word' id='word_1_364' title='bbox 379 4521 456 4611; x_wconf 85' lang='lat' dir='ltr'><strong>quia</strong></span> <span class='ocrx_word' id='word_1_365' title='bbox 477 4542 555 4587; x_wconf 89' lang='lat' dir='ltr'><strong>vero</strong></span> <span class='ocrx_word' id='word_1_366' title='bbox 576 4520 738 4586; x_wconf 89' lang='lat' dir='ltr'><strong>Dominus</strong></span> <span class='ocrx_word' id='word_1_367' title='bbox 761 4519 854 4585; x_wconf 91' lang='lat' dir='ltr'><strong>Deus</strong></span> <span class='ocrx_word' id='word_1_368' title='bbox 877 4540 1006 4607; x_wconf 87' lang='lat' dir='ltr'><strong>semper</strong></span> <span class='ocrx_word' id='word_1_369' title='bbox 1038 4521 1228 4586; x_wconf 88' lang='lat' dir='ltr'><strong>innocentes</strong></span> <span class='ocrx_word' id='word_1_370' title='bbox 1262 4527 1296 4584; x_wconf 91' lang='lat' dir='ltr'><strong>et</strong></span> <span class='ocrx_word' id='word_1_371' title='bbox 1318 4520 1422 4586; x_wconf 90' lang='lat' dir='ltr'><strong>homi-</strong></span> 
     </span>
     <span class='ocr_line' id='line_1_42' title="bbox 57 4623 1422 4714; baseline 0.003 -25"><span class='ocrx_word' id='word_1_372' title='bbox 57 4682 62 4689; x_wconf 87' lang='lat'><strong>.</strong></span> <span class='ocrx_word' id='word_1_373' title='bbox 126 4648 186 4692; x_wconf 86' lang='lat' dir='ltr'><strong>nes</strong></span> <span class='ocrx_word' id='word_1_374' title='bbox 203 4627 310 4714; x_wconf 87' lang='lat' dir='ltr'><strong>justos</strong></span> <span class='ocrx_word' id='word_1_375' title='bbox 332 4625 375 4691; x_wconf 90' lang='lat' dir='ltr'><strong>de</strong></span> <span class='ocrx_word' id='word_1_376' title='bbox 395 4626 521 4713; x_wconf 91' lang='lat' dir='ltr'><strong>laqueis</strong></span> <span class='ocrx_word' id='word_1_377' title='bbox 549 4623 702 4691; x_wconf 87' lang='lat' dir='ltr'><strong>liberavit</strong></span> <span class='ocrx_word' id='word_1_378' title='bbox 733 4634 766 4690; x_wconf 92' lang='lat' dir='ltr'><strong>et</strong></span> <span class='ocrx_word' id='word_1_379' title='bbox 794 4625 1026 4712; x_wconf 88' lang='lat' dir='ltr'><strong>praeservavit,</strong></span> <span class='ocrx_word' id='word_1_380' title='bbox 1059 4623 1134 4690; x_wconf 89' lang='lat' dir='ltr'><strong>ideo</strong></span> <span class='ocrx_word' id='word_1_381' title='bbox 1169 4645 1229 4713; x_wconf 86' lang='lat' dir='ltr'><strong>pre</strong></span> <span class='ocrx_word' id='word_1_382' title='bbox 1250 4625 1422 4693; x_wconf 86' lang='lat' dir='ltr'><strong>voluntate</strong></span> 
     </span>
     <span class='ocr_line' id='line_1_43' title="bbox 128 4727 1422 4820; baseline 0.005 -25"><span class='ocrx_word' id='word_1_383' title='bbox 128 4750 241 4797; x_wconf 86' lang='lat' dir='ltr'><strong>eorum</strong></span> <span class='ocrx_word' id='word_1_384' title='bbox 262 4728 377 4797; x_wconf 82' lang='lat' dir='ltr'><strong>dolosa</strong></span> <span class='ocrx_word' id='word_1_385' title='bbox 397 4738 432 4797; x_wconf 92' lang='lat' dir='ltr'><strong>et</strong></span> <span class='ocrx_word' id='word_1_386' title='bbox 451 4733 565 4820; x_wconf 87' lang='lat' dir='ltr'><strong>pejora</strong></span> <span class='ocrx_word' id='word_1_387' title='bbox 587 4739 699 4801; x_wconf 89' lang='lat' dir='ltr'><strong>secuta</strong></span> <span class='ocrx_word' id='word_1_388' title='bbox 719 4750 785 4797; x_wconf 91' lang='lat' dir='ltr'><strong>nou</strong></span> <span class='ocrx_word' id='word_1_389' title='bbox 818 4727 965 4815; x_wconf 70' lang='lat' dir='ltr'><strong>fueruntq</strong></span> <span class='ocrx_word' id='word_1_390' title='bbox 1002 4730 1039 4797; x_wconf 87' lang='lat' dir='ltr'><strong>in</strong></span> <span class='ocrx_word' id='word_1_391' title='bbox 1058 4729 1178 4818; x_wconf 75' lang='lat' dir='ltr'><strong>qrn&#39;bus</strong></span> <span class='ocrx_word' id='word_1_392' title='bbox 1211 4729 1364 4800; x_wconf 85' lang='lat' dir='ltr'><strong>omnibus</strong></span> <span class='ocrx_word' id='word_1_393' title='bbox 1387 4740 1422 4801; x_wconf 89' lang='lat' dir='ltr'><strong>et</strong></span> 
     </span>
    </p>
   </div>
   <div class='ocr_carea' id='block_1_4' title="bbox 0 0 1483 5040">
    <p class='ocr_par' dir='ltr' id='par_1_4' title="bbox 0 0 1483 5040">
     <span class='ocr_line' id='line_1_44' title="bbox 0 0 1483 5040; baseline 0 0"><span class='ocrx_word' id='word_1_394' title='bbox 0 0 1483 5040; x_wconf 95' lang='lat' dir='ltr'><strong> </strong></span> 
     </span>
    </p>
   </div>
  </div>
 </body>
</html>
