2948 5040
131 146 197 217 202

135 318 307 441 apostolis·
315 320 415 386 etiam
435 336 564 407 semper
585 314 731 384 credunt
764 313 951 386 Abrahamc
972 316 1060 385 enim
1073 313 1166 385 Deus
1180 319 1320 407 dixerat,
1341 321 1426 411 qnod

135 446 289 490 semene
285 423 342 512 jus
364 421 593 511 multiplicabit
621 443 719 511 super
751 422 881 510 stellasJ
917 432 1091 512 antequam
1122 432 1230 491 autem
1258 425 1356 495 Isaac
1386 426 1428 493 ad

131 537 272 597 aemtem
285 448 539 617 Jcompetentem
570 529 827 616 peruenissetJ
819 529 912 594 ιιιιιι
940 550 1015 595 eum
1042 528 1135 597 Deus
1157 530 1338 635 immolari3
1362 552 1429 598 non

130 634 299 723 respondit
285 631 546 700 tzhbrahamus
576 631 736 720 quomodo
768 632 831 699 hoc
860 653 933 699 cese
966 634 1080 721 possit,
1108 642 1146 699 ιιι
1176 635 1224 700 ite
1241 604 1312 719 fiat,
1341 635 1431 724 qued·

132 760 242 805 semen
264 740 334 827 ejus
355 726 639 826 multiplicabitur3
659 763 736 808 nam
758 741 844 806 sicut
864 740 1012 821 credidit,
1043 741 1129 830 quod
1152 743 1182 808 ei
1204 742 1356 809 Deusin
1379 764 1430 810 sev·

129 852 260 910 nectute
281 842 384 910 filiurn
405 844 518 931 largiri
538 847 652 933 possit,
682 844 730 912 ita
751 846 848 912 etiarn
870 845 1018 932 credidit,
1053 844 1139 935 quod
1161 849 1311 935 quamvis
1340 848 1426 915 filius

131 949 186 1017 hic
206 948 400 1034 immoletur,
434 950 522 1036 quod
542 949 715 1017 Deust
657 960 715 1039 pot
716 973 774 1016 ens
797 951 848 1034 sit,
883 950 1021 1018 eundem
1042 951 1259 1018 resuscitandi
1287 961 1323 1018 et
1354 976 1427 1042 pro·

130 1055 229 1121 misso
251 1076 309 1119 suo
332 1053 562 1120 satisfaciendi.
593 1053 676 1120 Ita
665 1077 700 1120 ιιι
722 1076 808 1122 novo
829 1061 1032 1139 testamento,
1066 1055 1154 1143 quod
1174 1064 1279 1122 mater
1302 1055 1426 1124 Christi

131 1159 264 1224 Domini
293 1159 386 1244 virgo
419 1159 649 1246 permanserit,
683 1162 832 1248 quamvis
866 1181 939 1226 eum
969 1150 1156 1248 conceperit
1189 1171 1221 1226 et
1249 1163 1425 1251 pepererit,

121 1262 236 1329 credit
256 1262 395 1350 populus
419 1262 623 1335 christianus.
660 1263 717 1330 Sic
739 1265 837 1331 etiam
860 1265 1009 1353 quamvis
1031 1264 1244 1387 corporaliter
1265 1266 1311 1333 ad
1332 1288 1425 1334 men·

133 1390 202 1434 sam
225 1369 347 1435 sederit
368 1367 537 1452 Christus,
550 1367 608 1458 uhi
622 1391 688 1435 non
702 1370 964 1454 imminuebatur,
987 1392 1048 1437 nec
1066 1372 1098 1436 ei
1119 1370 1298 1461 quidquam
1313 1370 1425 1439 deces-

124 1476 184 1560 sit,
207 1471 416 1540 crediderunt
448 1483 557 1540 tamen
590 1473 738 1562 apostoli,
769 1475 856 1562 quod
878 1478 927 1541 eis
950 1475 1009 1542 sub
1030 1479 1140 1563 speeie
1169 1479 1263 1565 panis
1293 1486 1328 1544 et
1355 1479 1427 1545 vini

133 1602 251 1669 corpus
274 1600 366 1644 suum
388 1587 422 1644 et
445 1580 635 1667 sanguinem
668 1603 747 1647 vere
769 1580 885 1665 tradat,
919 1590 953 1646 et
973 1583 1122 1669 quamvis
1156 1584 1254 1648 etiam
1284 1583 1425 1649 adversa

132 1685 197 1753 illis
212 1685 362 1750 dixerit:
386 1683 422 1751 si
444 1707 505 1772 ego
527 1708 591 1751 non
616 1685 758 1770 abivero,
783 1686 965 1752 consolator
987 1685 1029 1751 ad
1049 1708 1110 1752 vos
1131 1708 1198 1752 non
1219 1686 1341 1765 veniet,
1365 1695 1426 1753 etc.

132 1789 205 1878 Ego
227 1788 397 1857 vobiscum
420 1812 491 1856 sum
512 1812 616 1879 usque
637 1790 679 1857 ed
701 1790 978 1858 consumationem
1009 1790 1141 1857 saeculi.
1184 1791 1288 1875 Vade,
1312 1801 1350 1857 ιιι
1371 1814 1427 1859 vo·

133 1896 185 1964 bis
218 1897 325 1963 locum
356 1917 558 1984 praeparem.
598 1895 654 1963 ¹Ol
685 1918 705 1961 a
740 1896 887 1962 doctrina
915 1898 1016 1980 varia,
1040 1919 1135 1979 nova,
1166 1894 1251 1961 falsa
1281 1895 1427 1982 recede;

133 2024 274 2089 agnosce
296 2001 345 2066 tel
383 2000 497 2066 desere
520 2000 651 2066 divitias
674 2003 828 2067 scientiae
850 2001 1041 2085 antedictae,
1067 2011 1136 2066 esto
1154 2021 1279 2090 pauper
1301 2003 1428 2091 spiritu,

132 2114 261 2175 reverte
282 2107 389 2171 denuo
421 2104 464 2170 ad
486 2127 639 2189 eremum,
673 2107 775 2172 vitam
803 2127 866 2192 age
887 2107 961 2172 Dec
999 2126 1118 2189 camni,
1151 2115 1184 2171 et
1205 2106 1330 2192 gratiae
1362 2108 1430 2195 ejus

134 2210 377 2281 commendatus
399 2217 478 2275 esto.
597 2220 600 2225 '

218 2319 284 2384 Hic
306 2315 457 2383 sacerdos
480 2317 684 2381 sanctitatem
707 2322 818 2381 sancto
841 2315 937 2383 Gallo
959 2337 1080 2403 negare
1112 2313 1293 2399 videbatur,
1317 2322 1428 2382 contra

134 2448 169 2492 se
191 2427 296 2512 ipsum
321 2431 353 2488 et
375 2428 487 2487 contra
508 2442 636 2509 papam,
658 2419 798 2508 ideoque
822 2445 857 2487 se
878 2422 1011 2511 propria
1030 2442 1129 2487 manu
1150 2421 1196 2486 ita
1218 2419 1429 2514 subscripsit:

32 2557 36 2565 ·
134 2527 293 2596 Sacerdos
315 2527 535 2614 Hieronymus
558 2532 591 2590 et
611 2525 772 2614 parochus
795 2525 968 2593 Callensis.

630 2675 632 2679 ’
674 2713 821 2782 carun
854 2717 885 2783 3

167 2898 227 2960 Ubi
249 2896 355 2958 scribit
343 2903 391 2957 tur
412 2916 589 3015 responsum
613 2896 714 2958 fratris
738 2896 803 2955 Mat
804 2895 874 2957 hiae
897 2897 935 2955 ad
958 2890 1060 2957 literas
1085 2891 1257 2975 suprascrip
1258 2901 1306 2955 tas
1330 2902 1390 2957 etc

223 3049 336 3116 Gratia
358 3049 423 3115 Dei
446 3058 479 3115 et
499 3072 567 3138 pax
587 3048 725 3116 Domini
745 3048 848 3115 nostri
869 3048 950 3114 Jesu
972 3008 1095 3116 Christi
1118 3049 1160 3115 sit
1180 3046 1250 3130 tibi,
1275 3045 1430 3113 sacerdos

134 3155 401 3243 Hieronyme,1n
423 3155 553 3222 domino
575 3155 648 3220 Deo
672 3153 798 3220 dilecte.
841 3154 979 3238 Litcras,
1011 3174 1089 3243 quas
1113 3152 1193 3219 mihi
1214 3173 1284 3240 per
1295 3151 1430 3218 fratrem

133 3261 310 3348 Georgium
339 3263 486 3343 miseras,
520 3258 657 3348 perlegi,
680 3268 818 3345 atquae
841 3260 1037 3342 contineant,
1068 3257 1262 3338 intellexi,
1253 3278 1288 3321 ιιι
1310 3255 1430 3345 quibus

134 3367 289 3449 insinuas,
315 3377 345 3432 te
367 3365 464 3431 valde
487 3363 661 3431 condolere
682 3363 857 3430 infortunio
880 3386 964 3447 meo,
988 3386 1053 3430 non
1069 3364 1174 3428 solum
1194 3363 1321 3428 ratione
1344 3360 1431 3427 vitae

136 3470 330 3559 temporalis,
363 3470 420 3536 sed
441 3469 615 3559 plurimum
638 3468 724 3557 quod
745 3470 887 3534 animam
918 3490 1024 3535 meam
1045 3468 1222 3550 concernit,
1257 3467 1353 3553 quasi
1375 3464 1430 3530 ali·

136 3576 223 3665 quod
244 3577 366 3642 malum
398 3577 433 3641 in
467 3583 604 3663 utroque
633 3573 763 3639 homine
795 3583 932 3660 paterer.
977 3573 1066 3639 Scito
1088 3580 1206 3654 autem,
1240 3580 1272 3637 te
1305 3571 1343 3636 in
1379 3570 1428 3636 his

135 3680 232 3748 valde
253 3681 332 3766 falli,
355 3702 420 3747 non
442 3678 665 3768 dignoscendo
687 3699 801 3744 verum
823 3700 843 3744 a
864 3679 957 3762 falso,
979 3700 1042 3743 nec
1058 3675 1426 3743 discernendoiructum

136 3812 156 3854 a
176 3788 307 3855 damno.
329 3786 435 3853 Nosse
458 3787 544 3852 enim
567 3793 599 3850 te
621 3793 756 3872 oportet,
780 3785 929 3850 sacerdos
942 3785 1154 3870 Hieronyme,
1176 3803 1248 3847 cum
1269 3780 1355 3863 aliis,
1377 3800 1428 3844 me

135 3893 217 3959 haec
238 3914 303 3958 non
325 3893 503 3980 poenitere,
526 3912 588 3956 nec
609 3899 718 3955 mente
746 3887 877 3972 turbari,
902 3888 987 3976 quod
1010 3887 1151 3976 quodam
1180 3896 1326 3974 tempore
1359 3908 1428 3952 car·

136 4018 227 4066 ceres
250 3997 409 4063 sustinere
431 3995 600 4062 debuerim
622 3994 663 4061 ab
686 3992 887 4059 Antichristo
917 4002 1050 4081 propter
1081 3993 1252 4058 veritatem
1285 3989 1371 4075 legis
1401 3996 1432 4054 at

136 4124 253 4171 nomen
276 4102 410 4168 Domini
431 4103 530 4168 noemi
554 4100 635 4167 Jesu
658 4097 790 4183 Christi,
814 4121 887 4164 cum
912 4119 1039 4187 semper
1061 4096 1103 4164 ed
1124 4096 1233 4163 Deum
1256 4094 1429 4175 oraverim,

137 4217 170 4274 et
189 4205 230 4272 ab
254 4227 291 4272 eo
314 4205 495 4293 petiverim,
528 4213 564 4270 ιιι
594 4203 655 4270 hoc
687 4202 783 4268 modo
815 4224 874 4291 pro
904 4203 1040 4268 veritate
1063 4204 1133 4291 ejus
1168 4200 1327 4290 quaedam
1363 4202 1429 4288 pati

136 4314 267 4404 possim,
291 4333 350 4400 pro
371 4311 490 4399 quibus
513 4313 583 4399 cJ'us
606 4311 729 4397 gratiae
751 4310 794 4373 sit
815 4311 1012 4396 sempiterna
1045 4307 1115 4373 laus
1146 4317 1179 4372 et
1206 4305 1336 4371 infinita
1359 4330 1427 4396 gra

136 4419 252 4484 tiarum
291 4417 385 4482 actio.
430 4414 518 4480 Scite
550 4414 647 4479 etiam
685 4422 717 4479 ct
744 4434 854 4486 nosce,
885 4412 972 4499 quod
1004 4412 1183 4477 auxiliante
1218 4412 1291 4479 Deo
1332 4413 1428 4480 valde

137 4524 249 4609 magni
272 4521 449 4603 aestimem,
472 4541 531 4607 pro
553 4520 691 4584 veritate
711 4518 789 4605 pati,
824 4526 856 4582 et
885 4540 944 4605 pro
967 4516 1040 4603 lege
1068 4517 1203 4582 Domini
1224 4519 1328 4584 nostri
1350 4518 1427 4585 Jesu

138 4628 268 4704 Christi,
292 4648 389 4715 super
414 4646 526 4691 omnes
549 4623 681 4689 divitias
702 4623 773 4689 auri
794 4623 993 4710 argentique,
1016 4644 1096 4710 quas
1111 4621 1333 4688 Antichristus
1357 4644 1428 4688 cum

128 4732 284 4799 amnibus
312 4733 383 4799 suis
413 4726 679 4814 adhaerentibus,
711 4727 788 4794 filiis
822 4735 854 4794 et
886 4727 1024 4795 subditis
1047 4728 1114 4796 suis
1145 4726 1302 4816 possidet,
1331 4736 1429 4818 atque
