2948 5040
110 116 216 237 w

682 329 903 402 errarat.

146 458 210 523 Ubi
230 462 366 537 retertur,
399 463 479 538 quod
500 462 615 542 captivi
636 464 773 524 absoluto
793 463 849 523 hoc
871 481 1006 525 sormam
1046 467 1087 525 cd
1117 487 1252 531 carceres
1275 471 1441 531 decuere

61 559 64 565 “
147 548 289 625 diverint‚
311 549 452 629 princeps
475 559 574 611 autem
595 552 773 629 suspiciens,
794 552 834 617 ab
845 557 971 624 utraque
991 561 1077 630 parte
1105 557 1218 635 scripta
1252 557 1354 617 eidem
1375 578 1442 636 por·

149 644 234 697 recta
255 637 357 698 eadem
378 638 444 716 regi
466 637 677 698 transmiserit.
720 638 833 698 Postea
866 637 981 697 Passelr
1003 641 1135 714 quotidie
1168 644 1268 715 aniles
1289 664 1390 722 nugas
1403 654 1440 705 .et

149 720 270 783 tubulas
292 725 331 783 ad
352 732 486 785 senatum
509 725 646 797 inferens,
668 733 784 803 partem
806 742 895 783 unam
917 733 1020 784 contra
1049 729 1174 790 alteram
1205 731 1366 810 instigans,
1391 733 1441 792 ubi

145 812 200 870 sub
223 808 321 890 specie
341 812 411 871 fldei
432 818 535 872 contra
556 812 684 872 invicem
697 813 841 891 agebant3
863 819 892 868 et
914 812 1015 886 quales
1019 811 1098 888 justi
1123 815 1298 879 afflictiones
1322 828 1354 877 et
1376 839 1440 897 per·

146 897 313 959 secutiones
337 899 485 959 sustinere
506 899 670 974 debuerint,
693 898 807 958 familia
828 917 900 969 vero
921 898 1032 959 diaboli
1054 902 1088 960 in
1111 896 1209 978 quiete
1229 905 1439 984 permanserit.

231 1067 295 1134 His
326 1067 476 1134 omnibus
508 1069 650 1156 peractis
684 1069 807 1156 captivi
846 1067 952 1135 denuo
985 1071 1027 1135 ad
1060 1092 1207 1138 carceres
1239 1073 1439 1166 rediverunt

32 1197 36 1205 ·
146 1159 265 1261 quibus
297 1171 479 1258 Pragenses
516 1172 701 1239 libertatem
731 1172 830 1238 talem
864 1173 1034 1240 admittere
1067 1175 1263 1261 voluerunt,
1282 1170 1438 1265 obambu-

146 1275 247 1360 landi,
259 1275 375 1343 ¹solum
396 1284 433 1343 ut
452 1276 553 1342 limen
574 1286 687 1365 portae
709 1298 775 1343 non
798 1277 969 1362 excedant,
991 1279 1080 1367 loqui
1091 1289 1199 1351 tamen
1214 1281 1288 1347 aliis
1299 1285 1436 1371 possint,

146 1381 258 1469 quiin
280 1379 382 1451 cubili
414 1381 513 1448 officii
545 1390 673 1448 vetusto
695 1381 813 1448 inclusi
845 1383 975 1448 fuerunt
1006 1383 1138 1473 (nempe
1160 1385 1273 1454 doctor
1296 1386 1437 1471 ,Buriam

146 1485 290 1554 Joannes
311 1468 404 1570 Ziab,
436 1486 705 1553 Bartholomaeus
727 1487 847 1576 Kassa)
872 1509 970 1575 super
991 1487 1081 1571 baeo,
1117 1498 1154 1554 ut
1174 1489 1244 1555 illis·
1261 1513 1365 1557 manu
1387 1493 1436 1557 sti·

145 1592 257 1682 pulata
278 1591 434 1658 honorem
446 1600 479 1659 et
487 1591 585 1658 fidem
606 1594 805 1680 promittant.
849 1593 894 1661 Hi
916 1615 994 1659 vero
1009 1615 1048 1658 ea
1059 1592 1245 1680 promittere
1255 1595 1438 1679 noluerunt,

146 1721 222 1765 cum
251 1686 319 1763 non
342 1718 461 1780 eorum,
496 1697 554 1763 sed
574 1699 658 1783 regii
688 1698 810 1786 captivi
843 1697 972 1781 fuerint,
1004 1720 1047 1763 ne
1080 1720 1098 1762 e
1127 1701 1316 1786 captivitate
1350 1702 1438 1787 regia

145 1810 248 1871 semet
268 1803 358 1891 ipsos
382 1801 530 1885 educant,
551 1800 618 1866 illis
640 1824 718 1869 vero
742 1825 778 1868 se
799 1804 834 1866 in
847 1810 1040 1890 potestatem
1062 1802 1199 1870 tradant.
1228 1803 1362 1869 ·Altera
1384 1803 1435 1869 die

136 1910 245 1981 ¹etiam
266 1909 420 1996 princeps
440 1908 475 1971 in
497 1927 645 1971 carceres
667 1906 815 1972 nuntium
838 1908 980 1990 mittens,
1013 1907 1079 1972 illis
1101 1909 1244 1977 intimari
1260 1908 1376 1995 jussit,
1396 1931 1435 1974 ne

145 2012 374 2100 Pragensibns,
396 2032 513 2097 nempe
534 2010 620 2097 parti
641 2009 808 2094 adversae,
833 2011 932 2076 fidem
953 2014 1150 2098 promittant,
1184 2011 1242 2077 sed
1264 2011 1353 2079 Suae
1375 2013 1437 2078 Ma

141 2117 256 2206 jestati
276 2117 400 2203 Regiae
431 2136 535 2200 usque
557 2112 600 2178 ad
622 2135 761 2201 sequens
783 2114 927 2181 futurum
949 2115 1034 2182 Suae
1050 2115 1437 2203 Majestatismandatum.

146 2223 279 2312 Captivi
300 2244 378 2289 vero
401 2219 621 2309 promiserunt
638 2219 736 2307 juxta
756 2218 872 2286 foedus
893 2220 964 2297 hoc,
986 2219 1073 2308 quod
1096 2222 1131 2285 in
1153 2219 1341 2298 carceribus
1365 2221 1436 2286 duo·

144 2328 252 2395 decim
273 2326 381 2393 adhuc
403 2323 592 2412 septimanis
616 2326 791 2410 persistere
812 2324 925 2394 velint.
947 2324 1104 2412 Princeps
1132 2334 1240 2392 autem
1255 2327 1436 2407 sinemo'ra,

146 2440 297 2521 suscepta
318 2433 353 2496 in
375 2430 503 2516 scriptis
516 2438 519 2443 '
532 2430 634 2518 partis
655 2430 824 2518 utriusque
846 2431 1045 2515 gravamina,
1082 2428 1201 2499 additis
1219 2511 1222 2516 ,
1229 2430 1330 2516 juxta
1362 2430 1435 2505 haec

146 2538 213 2625 suis
235 2536 376 2624 propriis
408 2533 511 2599 literis
545 2535 692 2621 sequenti
725 2557 824 2600 sensu
854 2535 927 2620 regi
962 2533 1158 2599 transmisit:
1198 2533 1285 2622 quod
1321 2554 1433 2622 nempe

140 2642 240 2730 juxta
255 2639 448 2706 mandatum
461 2640 546 2707 Suae
556 2639 871 2729 MajestatisRegiae
894 2638 1114 2704 dissensiones
1135 2637 1209 2703 illas
1232 2638 1435 2705 exaudiendo

143 2746 336 2835 perceperit,
352 2768 434 2834 quae
445 2745 487 2810 ad
499 2745 758 2833 cognoscendum
768 2745 878 2810 omnia
892 2752 924 2808 et
932 2743 1073 2829 desuper
1083 2742 1435 2811 deliberandumtrans

113 2924 115 2928 7
145 2851 261 2928 mittat,
276 2859 309 2917 et
318 2872 509 2938 quocunque
526 2849 670 2915 remedio
682 2849 733 2924 his
747 2847 902 2914 obvenire
911 2847 1107 2934 dignabitur,
1131 2848 1192 2913 hoo
1204 2850 1275 2913 ess¹e
1287 2850 1323 2913 in
1335 2859 1436 2937 potes·

145 2964 212 3022 tate
222 2954 308 3022 Suae
315 2955 503 3043 Majestatis.
519 2955 653 3020 Domini
667 2953 982 3039 Kuttenbergenses,
995 2976 1069 3020 cum
1080 2953 1153 3019 aliis
1165 2954 1336 3019 civitatum
1355 2953 1433 3020 able·

146 3062 232 3150 gatis
241 3059 328 3125 idem
343 3060 498 3142 iecerunt,
513 3061 584 3145 regi
596 3058 776 3125 scribentes
792 3067 825 3123 et
831 3058 1033 3124 notificantes
1042 3081 1172 3124 cursum
1187 3066 1307 3123 stacta
1320 3059 1435 3137 omnia,

112 3220 116 3225 .
146 3163 635 3255 quaePragsnsesprotulerint,
652 3162 938 3251 cujusJohannem
950 3161 1303 3229 HlawsaetNicolaum
1312 3159 1438 3229 Schorii

144 3271 320 3358 arguerint,
343 3276 376 3333 et
395 3268 431 3331 in
453 3287 516 3355 quo
538 3269 772 3348 accusaverint,
804 3278 837 3334 et
858 3265 1019 3356 quomodo
1037 3276 1182 3333 econtra
1212 3265 1261 3331 illi
1283 3266 1370 3334 haec
1390 3288 1435 3332 re·

146 3373 331 3449 intererint,
371 3371 590 3437 innocentiam
623 3394 714 3436 suam
737 3371 1006 3454 demonstrantes,
1039 3380 1135 3457 prout
1150 3372 1221 3459 jam
1243 3379 1342 3436 antea
1363 3371 1433 3437 insi·

144 3488 279 3544 nuatum
300 3477 371 3562 fuit,
394 3499 492 3564 super
513 3499 596 3565 quae
617 3475 782 3564 publicam
804 3476 1013 3558 audientiam,
1036 3483 1092 3541 aut
1114 3478 1223 3540 coram
1244 3473 1312 3541 Sua
1334 3475 1435 3562 Regia

69 3582 71 3587 ’
143 3583 315 3671 Majestatc
347 3592 403 3647 aut
425 3603 532 3646 coram
566 3582 624 3663 eis,
657 3603 738 3668 quos
768 3579 835 3647 Sua
866 3580 1021 3668 Majestas
1054 3579 1206 3666 delegare
1239 3579 1434 3666 dignabitur,

145 3695 331 3754 constanter
351 3687 534 3775 petiverint,
558 3708 624 3751 non
642 3687 822 3752 eximentes
845 3708 881 3750 se
904 3708 924 3750 a
946 3707 1138 3773 quacunque
1160 3685 1256 3772 culpa
1277 3693 1434 3773 etpoena,

150 3792 178 3856 si
201 3813 282 3879 quas
304 3791 506 3857 incurrerint
552 3789 645 3855 Haec
667 3793 777 3856 omnia
798 3790 988 3856 referentes.

230 3895 269 3961 In
292 3895 343 3960 his
376 3894 634 3961 dissensionibus
667 3919 733 3962 non
768 3895 868 3961 semel
901 3896 1066 3982 repetitur,
1100 3895 1146 3958 ita
1179 3892 1264 3980 quod
1301 3893 1435 3980 quilibet

82 4076 84 4081 ¹
145 3999 228 4065 baec
259 3999 443 4086 intelligere
461 4009 498 4065 et
520 4004 613 4089 quasi
634 4000 785 4066 manibus
807 3999 941 4088 palpare
971 3999 1083 4086 possit,
1107 3997 1204 4086 qued,
1229 3998 1435 4088 quidcunque

145 4104 329 4190 Pragenses
351 4103 449 4170 locuti
470 4104 609 4187 fuerunt,
633 4127 765 4171 causam
788 4113 885 4169 totam
910 4103 1014 4168 omnis
1038 4101 1162 4166 dissidii
1179 4103 1264 4188 parti
1278 4101 1434 4168 adversae

145 4207 367 4292 attribuentes,
403 4209 462 4274 illa
482 4232 648 4299 nunquam
681 4208 904 4298 probaverint,
936 4206 1075 4292 ideoque
1108 4205 1190 4271 nihil
1211 4207 1282 4271 veri
1306 4218 1340 4272 et
1357 4207 1435 4295 justi

143 4311 326 4397 habuerint,
358 4334 464 4402 neque
487 4314 538 4379 de.
551 4313 670 4402 populo
702 4321 835 4411 armato,
871 4333 952 4398 quos
976 4309 1160 4385 conductos,
1175 4333 1248 4376 esse
1270 4310 1433 4392 dixerunt,

145 4416 204 4483 sed
226 4417 354 4505 qualem
375 4419 507 4505 ipsimet
535 4418 690 4505 populum
724 4425 882 4483 armatum
905 4417 939 4480 in
961 4425 1073 4503 parato
1095 4423 1296 4480 reservatum
1319 4415 1435 4483 habue-

143 4522 217 4606 rint,
253 4543 371 4609 nempe
392 4523 426 4585 in
448 4520 604 4604 macellis,
642 4520 729 4610 apud
750 4520 956 4586 braxatorem
979 4501 1127 4602 Sramek,
1159 4518 1247 4606 apud
1280 4517 1314 4584 S.
1338 4519 1434 4605 Aegi·

144 4624 243 4703 dium,
281 4634 313 4690 et
334 4625 367 4688 in
397 4623 544 4711 pluribus
577 4624 650 4690 aliis
688 4624 847 4708 domibus,
882 4624 939 4689 ubi
971 4622 1092 4711 aliquot
1127 4624 1256 4689 centeni
1290 4623 1434 4689 homines

139 4737 241 4796 noctu
266 4724 393 4795 occulte
426 4726 717 4817 congregabantur,
751 4728 793 4794 de
822 4728 874 4794 his
897 4747 1052 4816 quaerere
1073 4729 1254 4813 noluerunt,
1292 4726 1373 4816 quid
1405 4725 1436 4793 bi
