2948 5040
213 298 376 369 loannem
396 297 541 383 Karban,
573 298 772 368 stannum
804 296 906 366 6116111
938 294 1216 385 116611116616111,
1234 297 1328 367 Deos
1351 298 1421 368 sine

127 426 232 496 poena
253 405 417 474 mundana
448 390 588 495 reliquit,
611 428 653 473 an
682 426 742 495 pro
764 400 891 471 meliori
922 410 979 469 ant
1007 404 1113 492 pejori
1149 402 1306 493 ejusdem,
1329 403 1421 470 Deus

128 509 265 578 noverit.
309 508 377 576 Alii
399 511 497 577 etiam
518 508 611 576 multi
631 509 674 578 ab
696 509 747 575 1111
780 508 1022 598 participantes,
1050 509 1144 596 quasi
1164 510 1247 575 rami
1267 531 1289 575 a
1310 509 1422 575 radice

128 615 164 682 in
185 615 286 683 variis
316 614 500 682 infortuniis
521 637 542 682 a
563 616 637 682 Deo
659 614 808 682 collocati
836 613 974 697 suerrum,
998 613 1044 678 uti
1084 613 1243 701 Georgius
1274 612 1421 699 Jerisek,

128 721 184 807 qui
206 722 302 786 etiam
315 718 509 786 notabiliter
537 719 697 787 aDeo·in
718 719 781 786 hoc
802 718 922 786 mundo
938 718 1074 807 ¹punitus
1094 717 1163 784 suit
1195 717 1310 805 Longo
1335 719 1420 784 enim

130 834 275 914 tempore
298 824 339 891 ob
362 823 473 891 debita
492 824 528 890 in
551 825 640 891 curia
662 823 812 891 detentus
833 822 903 908 fuit,
931 829 963 888 et
985 821 1116 888 tandem
1138 821 1301 906 dimissus,
1324 821 1421 907 fama,

129 928 365 996 calamitatibus
392 929 492 997 variis
521 928 734 1016 affligebatur,
764 929 810 995 ita
839 927 924 1016 quod
954 927 1047 993 multi
1068 928 1157 994 cives
1190 927 1221 992 ei
1249 926 1421 994 condolue-

127 1033 202 1119 rint,
225 1035 319 1122 eique
353 1043 508 1122 quantum
529 1033 683 1122 possibile
714 1033 785 1112 fuit,
808 1032 1019 1122 providerint,
1055 1031 1259 1121 elemosynas
1289 1034 1320 1098 ei
1344 1036 1423 1100 elar-

130 1139 199 1226 giti,
223 1147 255 1204 et
276 1161 319 1205 ex
339 1138 492 1228 hospitali
513 1138 655 1227 qualibet
685 1139 865 1227 septimana
886 1140 1028 1226 quinque
1063 1159 1194 1225 grossos
1216 1136 1422 1222 Bohemicos,

132 1251 164 1308 et
196 1241 385 1309 tantundem
409 1264 452 1309 ex
483 1242 590 1309 officio
622 1245 807 1312 sexu-iratus
847 1243 1090 1310 contribuerint.
1134 1242 1201 1308 Alii
1234 1241 1368 1308 demum
1389 1245 1421 1309 in

129 1347 277 1430 sanitate,
312 1348 347 1412 in
380 1346 485 1430 bonis,
507 1346 541 1412 in
562 1346 649 1413 fama
678 1347 851 1436 periclitati
885 1346 1024 1432 fuerunt,
1047 1346 1179 1436 quidam
1210 1346 1320 1415 ebrius
1345 1347 1421 1414 sub·

129 1473 255 1532 mersus
273 1450 347 1517 ,11111
367 1452 403 1517 in
423 1451 495 1518 1666
516 1453 691 1541 inopinato,
726 1451 808 1520 alius
832 1475 874 1519 ex
905 1451 1080 1519 afflictione
1112 1453 1213 1517 nimia
1233 1453 1269 1517 in
1300 1451 1423 1519 fontem

128 1555 243 1621 insiliit
272 1555 384 1644 ibique
417 1557 590 1623 suffocatus
621 1557 692 1635 fuit,
725 1565 758 1623 et
784 1556 841 1624 alii
863 1557 966 1642 aliter,
999 1558 1093 1643 quasi
1113 1555 1228 1622 umbra
1262 1557 1423 1644 quaedam

128 1661 245 1725 mortui
267 1656 509 1750 disparuerunt;
531 1662 639 1729 rabies
661 1664 748 1728 enim
762 1662 908 1742 illorum,
930 1671 963 1729 et
991 1661 1142 1751 superbia
1169 1661 1369 1728 antecedens
1391 1663 1423 1726 in

128 1764 253 1834 firmum
274 1767 366 1855 quasi
388 1789 565 1835 conversae
587 1776 671 1834 sunt.
715 1767 783 1834 Alii
805 1767 939 1854 feroces,
970 1770 1062 1857 quasi
1094 1769 1224 1856 tyranni
1245 1766 1310 1833 sibi
1333 1768 1424 1855 ipsis,

129 1878 162 1936 61
184 1870 256 1936 aliis
287 1870 470 1939 hominibus
483 1876 619 1939 emortui
641 1882 725 1940 sunt
768 1872 877 1962 Atque
898 1872 1056 1962 quaedam
1079 1895 1121 1939 ex
1143 1871 1252 1938 multis
1276 1872 1424 1960 eligenti,

129 1973 210 2041 mihi
233 1975 267 2040 in
289 1984 429 2042 mentem
451 1979 541 2047 venit
551 1977 732 2044 Antiochus
753 2001 815 2044 rex
826 1979 996 2044 Persarum
1018 1978 1101 2045 libro
1125 1977 1267 2043 secundo
1289 1977 1423 2044 Macha-

128 2079 284 2147 baeorum
307 2103 379 2170 cap.
401 2082 464 2166 20,
498 2084 554 2171 qui
576 2084 791 2170 ignominiose
804 2082 845 2149 ob
869 2104 957 2149 suam
979 2082 1202 2149 crudelitatem
1224 2104 1244 2148 a
1265 2082 1341 2148 Deo
1358 2104 1424 2150 cor·

125 2196 237 2274 reptus
260 2185 449 2255 infirmitate
470 2187 633 2254 horrenda
663 2189 783 2253 misere
804 2189 910 2276 periit.

211 2289 334 2379 Impius
358 2291 517 2377 Herodes,
541 2293 596 2381 qui
619 2293 810 2359 innocentes
833 2291 938 2359 occidi
954 2291 1063 2380 jussit,
1097 2290 1154 2357 ille
1174 2299 1310 2380 propter
1333 2315 1422 2358 suam

126 2393 349 2462 crudelitatem
384 2396 519 2464 tandem
541 2397 760 2484 ignominiose
783 2398 886 2463 evita
907 2395 1058 2479 decessit,
1082 2406 1178 2485 prout
1199 2395 1240 2462 de
1262 2397 1321 2463 1116
1347 2399 1422 2464 scri-

127 2499 216 2567 bitur
236 2499 319 2566 libro
343 2501 393 2585 14,
429 2502 479 2586 15,
505 2503 555 2569 16.
578 2510 610 2568 61
630 2503 821 2591 praesertim
844 2503 895 2570 17.
918 2501 1002 2568 libro
1022 2501 1148 2590 loseph
1171 2501 1212 2567 de
1242 2504 1419 2591 antiquita·

127 2603 214 2670 tibus
236 2625 305 2692 cap.
339 2605 369 2670 9.
418 2605 460 2672 de
481 2605 628 2694 ejusdem
661 2606 885 2693 ignominiosis
917 2618 950 2672 et
983 2606 1138 2692 gravibus
1169 2605 1416 2684 infirmitatibus,

127 2709 182 2796 qui
204 2707 267 2774 sibi
288 2729 347 2795 pro
368 2711 529 2776 medicina
540 2710 638 2798 elegit
661 2734 799 2800 sequens
818 2736 826 2775 :
845 2710 943 2800 jussit
954 2708 1094 2799 quodam
1106 2721 1250 2801 tempore
1274 2713 1339 2779 sibi
1352 2735 1420 2803 por·

125 2815 189 2902 rigi
220 2838 316 2904 poma
350 2824 383 2882 et
417 2814 564 2900 cultrum,
596 2825 633 2882 ut
663 2838 716 2889 ea,
736 2815 798 2882 sibi
829 2817 968 2903 ipsemet
994 2814 1193 2898 decorticare
1226 2818 1333 2904 possit
1364 2839 1419 2905 pro

124 2943 304 3006 1116161116,
336 2930 433 3010 atque
454 2920 488 2986 in
509 2921 649 2988 minutas
671 2929 779 3010 partes
801 2919 994 3005 discindere,
1028 2929 1064 2986 ut
1086 2921 1257 2989 comedere
1292 2925 1417 3011 possit;

126 3024 259 3091 1111116111
281 3025 459 3093 observans
482 3024 569 3092 circa
591 3049 627 3092 se
660 3025 784 3092 nullum
807 3026 933 3112 adesse,
956 3026 1094 3094 cultrum
1115 3027 1265 3094 manibus
1289 3050 1416 3116 gerens,

124 3129 270 3215 attendit,
301 3152 343 3197 ue
380 3129 466 3197 ullus
488 3132 677 3219 conspiciat,
707 3153 750 3198 ex
777 3133 877 3198 nimio
900 3134 1009 3220 itaque
1041 3132 1152 3199 dolore
1185 3132 1324 3199 cultrum
1358 3133 1417 3200 sibi

125 3235 263 3321 infigere
310 3243 343 3300 et
381 3257 417 3301 se
445 3237 560 3324 ipsum*
583 3237 731 3304 occidere
763 3235 876 3320 voluit,
918 3237 1005 3325 quod
1037 3240 1145 3327 ipsum
1178 3240 1275 3305 stiam
1296 3238 1416 3304 factum

124 3335 247 3429 fuisset,
271 3346 300 3410 si
309 3344 451 3412 Ariabus
462 3368 563 3435 nepos
586 3348 656 3436 ejus
664 3369 730 3413 11611
749 3347 955 3429 accurrisset,
976 3351 1012 3410 61
1023 3366 1154 3409 manum
1175 3345 1239 3432 ipsi
1261 3343 1415 3408 detinuis-

126 3457 183 3516 set.
207 3447 286 3538 Oap.
315 3435 372 3515 ¹10.
404 3451 450 3515 ita
472 3450 514 3517 de
534 3451 592 3517 illo
615 3451 783 3523 scribitur:
820 3452 895 3517 Rex
916 3449 1066 3517 Herodes
1101 3447 1162 3513 fuit
1183 3448 1234 3514 vir
1263 3447 1413 3529 crudelis,

123 3552 158 3618 in
180 3574 292 3619 omnes
324 3553 504 3643 aequaliter
530 3556 704 3623 offensioni
736 3555 876 3639 deditus,
899 3554 956 3621 sed
988 3577 1009 3620 a
1025 3555 1154 3644 justitia
1175 3552 1310 3618 alienus.
1356 3551 1417 3616 Hic

124 3679 144 3722 a
166 3657 305 3746 simplici
327 3661 491 3725 communi
515 3667 600 3726 statu
622 3683 665 3725 ex
685 3661 818 3747 regione
830 3659 1055 3726 Idumaeorum
1076 3659 1111 3723 in
1132 3679 1267 3745 regnum
1287 3666 1417 3723 evectus

123 3761 201 3847 fuit3
243 3784 326 3850 quae
349 3763 523 3831 crudelitas
558 3764 593 3829 in
614 3764 671 3831 1116
692 3767 797 3854 major
825 3788 897 3831 esse
918 3766 1031 3853 potuit,
1066 3763 1143 3830 dum
1164 3765 1313 3852 proprios
1336 3764 1416 3830 filios

123 3888 198 3932 suos
233 3875 265 3933 et
285 3889 422 3934 uxorem
453 3890 544 3934 suam
577 3871 725 3957 reginam
755 3870 862 3936 occidi
885 3870 993 3955 jussit.
1017 3856 1300 3958 ,supranominati
1330 3890 1416 3952 vero,

122 3969 277 4037 licetnon
298 3971 419 4039 fuerint
438 3981 505 4040 tam
527 3972 675 4040 crudeles
686 3973 729 4042 ad
750 3975 880 4043 realiter
902 3973 1134 4041 effundendum
1155 3974 1330 4039 humanum
1348 3996 1416 4039 san·

124 4077 255 4162 guinem
289 4078 372 4143 sicut
403 4076 448 4162 hi,
483 4077 525 4145 de
559 4079 675 4166 quibus
704 4078 806 4145 multa
839 4080 874 4145 in
903 4078 994 4145 libris
1016 4079 1190 4145 nominatis
1224 4077 1416 4159 scribuntur,

121 4181 186 4247 alio
220 4189 328 4249 tamen
357 4182 453 4249 modo
484 4184 519 4248 in
551 4183 602 4249 his
635 4183 727 4251 libris
761 4184 924 4271 descripto
954 4190 1020 4249 tam
1064 4183 1238 4250 crudeliter
1271 4182 1417 4248 homines

123 4286 310 4353 afflixerunt
336 4288 371 4353 in
405 4309 540 4376 corpore
573 4296 606 4355 et
626 4291 744 4373 anima,
778 4289 864 4378 quod
886 4292 1014 4380 saepius
1036 4291 1104 4356 vita
1125 4287 1257 4376 propria
1278 4283 1418 4376 pertaesi

121 4391 251 4475 fuerint,
278 4412 354 4457 nam
384 4391 602 4485 quidamper
630 4392 689 4460 has
721 4394 915 4462 afflictiones
945 4417 1011 4461 non
1035 4402 1158 4461 tanturm
1193 4391 1286 4458 bonis
1317 4400 1351 4457 et
1372 4413 1418 4455 sa·

122 4496 234 4581 nitate,
264 4494 323 4561 sed
356 4503 389 4562 et
416 4498 484 4563 vita
514 4497 634 4586 privati
663 4497 799 4567 fuerant.
833 4502 1003 4568 Invenitur
1032 4507 1065 4566 et
1093 4498 1280 4586 agnoscitur
1301 4496 1418 4583 itaque,

124 4598 209 4689 quod
242 4600 367 4667 Passek
400 4623 473 4668 curn
508 4603 574 4667 suis
607 4601 869 4688 adhaerentibus,
900 4615 1028 4672 etcum
1060 4604 1322 4672 administratore
1354 4621 1417 4664 ms·

109 4699 224 4785 jerem
260 4706 486 4776 crudelitatem
520 4710 735 4797 exercuerint,
768 4732 865 4798 quam
899 4711 1085 4800 supradicti,
1123 4711 1199 4800 quia
1235 4707 1284 4774 illi
1317 4706 1418 4774 solum
