2948 5040
1316 166 1357 237 61

54 330 183 397 tamdiu
219 332 382 399 sollicitati
406 342 481 399 sunt
503 333 590 421 apud
616 334 798 421 principem
829 333 981 401 Carolum
1018 334 1112 420 regni
1147 336 1364 422 capitaneum,

54 444 93 500 ut
124 436 165 501 ab
190 459 227 502 eo
243 436 375 503 liberari
410 447 552 527 possent,
576 438 680 504 donec
702 437 834 503 tandem
858 438 899 504 ob
918 439 1179 527 persecutionem
1209 440 1307 506 talem
1329 443 1364 507 in

53 539 171 605 urbem
193 543 359 630 antiquam
380 543 592 630 pervenisset,
626 543 685 610 ubi·
705 543 915 610 territoriales
939 543 973 609 S.
1010 541 1127 609 Crucis
1162 544 1204 611 ad
1227 544 1365 612 fluvium

56 644 167 710 eidem
204 645 439 712 habitationem
461 646 681 732 admiserunt,
704 649 739 713 in
762 671 826 735 qua
867 648 1008 714 ecclesia
1041 647 1301 730 administrabat,
1335 657 1369 716 et

57 750 318 817 concionabatur
340 754 537 839 germanice,
551 754 637 818 sicut
660 752 742 817 alias
759 774 1016 820 commemorans
1040 753 1126 818 sedis
1148 755 1275 843 papalis
1292 776 1367 820 con·

55 853 241 941 fusionem3
266 855 421 923 Germani
443 856 553 922 etalii
589 857 672 922 varii
704 856 833 922 incolae
865 859 1032 947 utriusque
1067 881 1165 924 sexus
1198 860 1367 927 Romanae

55 960 161 1045 partis
183 961 219 1024 in
241 983 359 1046 magno
388 983 522 1026 numero
545 960 797 1048 frequentabant
819 961 938 1049 dogma
972 964 1052 1049 ejus.
1102 963 1249 1029 Tandem
1283 973 1368 1029 tem-

58 1085 143 1151 pore
176 1065 325 1151 paschali
367 1067 443 1130 anni
482 1065 630 1153 ejusdem
653 1066 864 1155 suprascripti
901 1069 936 1132 in
968 1069 1142 1133 Dominica
1176 1069 1367 1157 palmarum,

57 1170 95 1232 in
126 1167 179 1233 die
200 1167 417 1252 Parasceves,
442 1179 474 1235 et
505 1172 540 1234 in
561 1171 719 1259 paschate
743 1171 900 1237 Germani
923 1181 955 1236 et
988 1172 1044 1237 alii
1075 1173 1228 1239 horrendi
1262 1195 1364 1262 quon·

60 1271 139 1336 dam
162 1271 342 1337 adversarii
378 1274 460 1361 legis
498 1276 629 1341 divinae
652 1276 686 1340 in
709 1298 826 1361 magno
851 1285 882 1341 et
905 1276 1042 1343 notabili
1064 1300 1197 1343 numero
1219 1300 1364 1344 accesse-

58 1388 139 1444 runt
160 1380 203 1446 ad
226 1403 310 1466 eum,
333 1392 365 1446 et
387 1383 429 1448 de
450 1406 548 1448 manu
572 1383 718 1472 ejusdem
740 1395 986 1471 assumpserunt
1005 1382 1135 1470 ¹Corpus
1167 1391 1198 1449 et
1231 1381 1368 1469 Sangui·

59 1507 139 1549 nem
163 1483 285 1550 Christi
308 1487 443 1552 Domini
467 1488 526 1553 sub
540 1496 675 1575 utraque
699 1490 819 1577 specie,
844 1496 876 1553 et
897 1489 943 1553 ita
966 1510 1094 1576 semper
1116 1489 1220 1573 magis
1249 1497 1281 1551 et
1303 1509 1370 1551 ma·

59 1589 113 1675 gis
148 1590 318 1654 veritatem
353 1600 577 1675 accesserunt,
604 1591 689 1679 quod
724 1592 940 1663 admiratione
963 1591 1097 1678 dignum
1119 1591 1236 1677 fuerit,
1269 1599 1367 1679 atque

59 1692 145 1758 illud
179 1695 335 1760 memoria
372 1695 538 1761 hominum
562 1719 628 1761 non
662 1696 917 1785 comprehendit,
940 1718 1002 1761 nec
1023 1697 1058 1761 in
1091 1696 1166 1760 ullis
1203 1695 1365 1762 chronicis

59 1804 236 1884 invenitur,
259 1811 295 1867 ut
316 1801 408 1865 Deus
431 1803 466 1865 in
488 1800 647 1866 Bohemia
669 1801 725 1866 tali
751 1810 896 1888 tempore
935 1800 1039 1865 simile
1072 1800 1263 1868 miraculum
1309 1822 1368 1889 per

59 1910 249 1996 quempiam
282 1907 448 1972 hominem
482 1905 685 1972 exhibuisset
718 1905 801 1971 sicut
821 1928 881 1993 per
902 1906 1000 1969 istum
1034 1904 1154 1970 factum
1187 1914 1245 1972 est.
1290 1905 1370 1970 Pars

55 2014 206 2079 Romana
228 2021 357 2077 assueta
380 2020 437 2089 est,
462 2033 497 2075 se
518 2011 610 2076 festis
633 2009 749 2075 diebus
771 2033 829 2097 per
851 2031 970 2097 papam
994 2011 1128 2074 sacratis
1147 2012 1284 2097 jactare,
1329 2008 1371 2077 ob

56 2115 220 2205 quaedam
255 2115 411 2181 miracula
440 2114 621 2182 vetularum
643 2114 728 2198 ficta,
752 2115 853 2180 multa
876 2113 997 2178 similia
1019 2113 1061 2179 ad
1096 2115 1197 2178 risum
1220 2113 1370 2178 dicentes

63 2231 98 2287 et
120 2221 309 2304 scribentes,
334 2219 421 2309 quod
433 2221 504 2301 iste,
527 2230 584 2285 aut
606 2221 663 2284 ille
687 2219 750 2286 hoc
773 2229 829 2286 aut
850 2219 939 2286 aliud
961 2218 1152 2284 miraculum
1174 2217 1366 2301 fecerit,ubi

63 2329 100 2391 in
123 2327 252 2414 antiquo
276 2335 467 2391 testamento
491 2325 569 2392 talia
592 2325 748 2390 miracula
770 2346 829 2412 per
851 2327 993 2411 magiam
1015 2326 1140 2411 majora
1161 2325 1249 2390 facta
1273 2331 1368 2406 sunt,

64 2454 178 2497 verum
212 2430 351 2495 daemon
382 2440 491 2496 manet
509 2431 563 2514 id,
586 2430 672 2519 quod
696 2440 759 2514 est,
784 2439 816 2495 et
838 2429 959 2496 veritas
996 2439 1143 2511 aeterna,
1169 2450 1251 2517 quae
1278 2428 1370 2492 Deus

62 2546 133 2619 est,
156 2537 248 2601 Deus
271 2544 381 2601 manet
416 2545 447 2600 et
468 2535 674 2623 permanebit
696 2536 729 2599 in
752 2544 929 2601 aeternum.
975 2533 1042 2600 Sed
1063 2556 1122 2623 per
1145 2534 1237 2599 hunc
1262 2554 1371 2598 mona·

62 2643 162 2707 chum
195 2642 287 2707 Deus
321 2640 513 2707 miraculum
536 2639 691 2723 ostendit,
731 2640 818 2727 quod
850 2639 1096 2705 fundamentum
1132 2638 1231 2705 habet
1253 2659 1367 2703 verum

62 2771 107 2814 ex
141 2747 215 2835 lege
253 2747 318 2811 Dei
360 2755 391 2812 et
419 2747 524 2835 prima
549 2745 690 2811 ecclesia
712 2767 731 2808 a
755 2744 887 2811 Christo
911 2753 944 2809 et
966 2742 1121 2831 apostolis
1143 2741 1366 2831 proveniente.

60 2853 180 2940 Itaque
217 2853 301 2916 sicut
323 2852 358 2915 in
380 2850 473 2934 aliis,
495 2852 541 2916 ita
564 2852 661 2915 etiam
683 2852 719 2914 in
741 2849 803 2915 hoo
838 2849 979 2914 daemon
1001 2847 1143 2912 asseclas
1168 2868 1243 2912 suos
1272 2845 1369 2928 misit,

60 2959 167 3024 laicos
201 2978 318 3044 nempe
343 2964 375 3021 et
399 2955 544 3039 clericos,
568 2965 603 3021 ut
625 2955 861 3043 impedimenta
882 2962 1014 3041 ponant,
1039 2974 1077 3017 eo
1101 2952 1223 3019 ducens
1248 2960 1280 3016 et
1294 2973 1366 3038 por·

63 3061 208 3129 suadens
232 3063 290 3144 eis,
321 3070 356 3125 ut
377 3060 506 3125 illorum
536 3061 685 3126 caecitati
708 3068 740 3125 et
763 3055 1051 3125 consuetudinibus
1074 3056 1232 3144 turpibus,
1256 3063 1367 3120 etnon

62 3167 261 3250 christianis,
285 3164 451 3231 obstacula
472 3188 538 3231 non
560 3175 683 3253 ponant
706 3165 781 3230 laici
805 3165 969 3246 etclerici,
983 3184 1089 3250 neque
1122 3183 1236 3251 papae,
1271 3181 1369 3247 quem

63 3266 163 3338 ialde
172 3272 244 3358 jam
279 3270 477 3336 anhelabant
507 3269 631 3358 aliquid
664 3272 699 3335 in
722 3271 919 3337 contrarium
941 3269 1015 3352 fiat,
1050 3274 1146 3355 prout
1167 3266 1221 3331 hic
1246 3264 1369 3331 factum

66 3387 127 3460 est,
152 3385 185 3441 et
208 3375 247 3441 de
271 3375 390 3441 talibus
422 3376 575 3441 Romanis
598 3375 797 3459 Bernardus,
819 3398 902 3441 unus
927 3375 967 3440 de
1001 3371 1199 3454 doctoribus,
1224 3371 1258 3434 in
1282 3367 1366 3434 libro

66 3505 125 3548 suo
161 3481 244 3546 haec
279 3482 425 3568 scripsit:
461 3480 634 3546 multorum
669 3479 802 3568 (inquit)
826 3480 994 3545 hominum
1016 3486 1216 3545 sacratorum
1239 3475 1370 3541 animae

66 3589 100 3652 in
139 3586 268 3651 inferno
291 3595 380 3669 sunt,
416 3607 552 3674 quorum
574 3608 634 3651 nos
663 3585 716 3650 hic
738 3585 771 3649 in
795 3584 917 3650 mundo
940 3607 1014 3650 ossa
1036 3603 1240 3649 veneramur.
1275 3579 1368 3644 Bene

67 3693 158 3757 enim
183 3699 215 3755 et
237 3698 324 3755 certe
346 3691 438 3755 novit
469 3689 525 3755 ille
547 3689 653 3755 bonus
676 3689 736 3772 vir,
767 3711 920 3775 magnam
943 3687 1168 3754 diversitatem
1191 3707 1263 3751 esse
1285 3685 1370 3749 inter

69 3797 221 3861 homines
252 3804 381 3860 sanctos
399 3795 496 3881 juxta
529 3795 636 3881 legem
660 3793 735 3878 Dei,
760 3804 793 3860 et
816 3817 930 3861 verum
953 3816 1085 3860 sensum
1120 3793 1200 3879 ejus,
1225 3799 1257 3855 et
1284 3790 1371 3854 inter

10 3958 11 3966 ,
69 3902 221 3968 homines
242 3899 376 3988 papales
399 3898 599 3965 benedictos.
644 3898 721 3963 Fuit
742 3897 799 3963 ille
836 3900 887 3965 vir
921 3899 1161 3987 suprascriptus
1201 3903 1372 3961 certaver-

68 4026 148 4072 sans
170 4006 205 4070 in
229 4026 286 4092 spe
311 4012 342 4068 et
364 4004 479 4068 timore
502 4002 576 4084 Dei,
589 4024 628 4067 ac
640 4001 796 4068 honestus
818 4005 854 4067 in
876 4002 1029 4090 operibus
1053 4003 1130 4084 suis,
1153 4023 1219 4067 non
1240 3998 1366 4066 deside·

70 4132 150 4176 rans
174 4108 310 4173 delicias
349 4106 556 4195 corporales3
579 4104 642 4172 hoc
663 4106 814 4194 probavit
836 4106 982 4194 ejusdem
1004 4108 1137 4195 propria
1158 4127 1299 4193 persona
1320 4126 1370 4169 sa·

70 4216 114 4280 tis
141 4214 298 4302 simplex,
335 4221 367 4277 et
388 4212 515 4277 deliciis
539 4210 725 4295 dissimilis,
761 4210 847 4300 quod
870 4212 948 4299 odio·
967 4211 1117 4277 habuerit
1138 4210 1295 4276 mundum
1340 4217 1372 4274 et

67 4320 144 4385 Deo
177 4318 371 4400 adhaeserit,
394 4319 447 4383 cui
481 4316 619 4383 daemon
648 4315 740 4383 brevi
763 4339 798 4382 se
822 4319 973 4405 opposuit
996 4340 1039 4385 ex
1060 4316 1111 4385 his
1135 4317 1251 4400 causis,
1275 4311 1372 4381 modo

70 4431 150 4491 ante
173 4422 269 4490 dicto.
