2948 5040
139 124 206 195 278

141 312 313 390 personas,
336 308 422 381 quse
440 308 465 357 a
483 282 551 355 die
572 281 794 355 Bolcslavism
814 288 872 351 sut
896 281 962 351 alio
982 280 1070 351 inter
1088 280 1207 352 irenes
1226 291 1442 369 messuerunt,

142 401 270 489 aliquot
289 392 400 463 millis
417 389 570 461 occidere
592 388 767 457 debuerint
789 394 823 455 et
843 388 1015 460 audaciam
1036 410 1111 456 cum
1131 387 1358 479 generositate
1377 411 1442 455 ma-

139 507 253 597 jorem
274 472 442 576 antero,
476 517 573 584 qnam
601 474 664 560 alii
693 493 846 561 exules
834 516 871 560 ιιι
892 495 1010 584 majori
1031 515 1176 580 numero,
1206 513 1333 580 nempe
1356 513 1442 559 sexa

146 610 238 698 ginta
258 604 335 674 illae
356 621 525 691 personae,
548 620 630 689 quas
662 620 751 665 nunc
771 621 791 664 a
812 600 998 693 suspicione
1020 597 1141 665 liberas
1162 621 1236 666 esse
1267 597 1441 684 dixemnt3

146 712 247 780 locuti
278 710 388 796 itaque
420 704 562 789 fuerunt,
601 704 696 792 quasi
731 702 872 793 populus
905 703 1047 770 colorem
1082 702 1171 769 hunc
1190 726 1259 772 non
1282 711 1440 788 nosceret,

143 815 230 904 quod
246 835 363 902 nempe
379 809 597 877 verosimilius
620 810 663 874 sit
677 806 794 899 ¹(modo
817 808 957 875 humano
982 806 1121 897 loquor),
1143 818 1180 875 ut
1201 818 1268 877 tres
1283 817 1346 875 aut
1368 831 1435 897 qua

141 930 214 989 tuor
244 906 303 986 has
334 914 451 984 caedes
479 913 659 1004 perficiant,
682 935 780 1001 quam
811 913 1047 1002 quinquaginta
1078 920 1135 979 aut
1167 915 1358 1001 sexaginta,
1392 913 1437 981 ubi

143 1038 253 1093 tamen
274 1019 426 1090 omnibus
447 1027 560 1085 notum
583 1025 642 1101 est,
666 1017 754 1106 qnod
775 1039 883 1104 neque
905 1016 968 1085 hoc
997 1039 1059 1083 nec
1081 1015 1171 1083 aliud
1200 1017 1245 1083 od
1265 1019 1437 1085 veritatem

144 1126 347 1220 probandam
382 1123 448 1191 illis
480 1122 633 1190 sufficere
665 1123 817 1210 potuerit.
851 1121 921 1189 Imo
955 1121 1052 1189 valde
1073 1123 1192 1188 mimm
1213 1120 1311 1208 foret,
1346 1122 1440 1189 siilli

145 1242 251 1302 tantas
284 1227 402 1298 caedes
434 1228 470 1293 in
504 1225 733 1293 communitate
766 1227 959 1307 effecissent,
994 1225 1051 1314 qni
1083 1233 1292 1307 tamenante
1317 1234 1440 1315 etpost

142 1337 201 1404 has
234 1336 345 1402 literas
368 1330 465 1418 longo
487 1338 642 1419 tempore,
675 1352 793 1420 nempe
824 1329 899 1420 plus
938 1352 1035 1419 quam
1063 1328 1172 1397 medio
1204 1351 1294 1396 anno
1340 1331 1439 1397 incar·

142 1441 244 1509 cerati
276 1439 416 1519 fuerunt,
450 1433 508 1501 alii
543 1456 621 1502 vero
657 1433 779 1501 diutius
813 1457 910 1523 quam
941 1457 1006 1502 uno
1039 1455 1124 1501 anno
1158 1455 1224 1498 non
1245 1435 1440 1501 incarcerati

143 1546 180 1611 in
201 1540 336 1610 civitate
354 1538 573 1624 morabantur,
595 1548 632 1606 ut
655 1561 709 1605 eos
733 1541 779 1605 ita
800 1539 904 1606 libere
929 1540 1000 1605 sine
1023 1539 1111 1605 omni
1133 1536 1331 1626 praehabita
1352 1562 1439 1607 secu·

143 1649 247 1714 ritate.
270 1644 478 1729 dimisissent,
512 1665 575 1709 nec
605 1642 648 1709 dc
680 1641 746 1709 ullo
769 1644 827 1709 tali
848 1644 994 1710 occisore
1029 1642 1288 1735 inquisivissent,
1323 1655 1381 1711 aut
1410 1646 1440 1713 in

142 1760 266 1820 tortura
299 1747 501 1868 quorundam
540 1749 832 1837 suprascriptorum
862 1749 975 1814 autin
1005 1747 1207 1815 confessione
1238 1770 1259 1814 a
1295 1748 1439 1818 sacerdo

145 1857 243 1933 tibus,
276 1852 416 1940 ideoque
451 1853 549 1917 etiam
566 1850 692 1941 judico,
728 1851 815 1937 quod
849 1851 932 1918 haec
953 1874 1120 1940 nunquam
1151 1861 1187 1918 ut
1207 1872 1291 1920 vera
1313 1852 1439 1941 probari

141 1967 304 2052 poterunt,
337 1978 441 2044 aequo
475 1957 559 2022 sicut
589 1957 625 2021 in
661 1957 768 2022 causis
792 1967 889 2021 antea
922 1955 1076 2043 descript
1066 1980 1105 2041 rs,
1128 1957 1215 2047 quod
1239 1961 1418 2047 suspecti
1408 1984 1438 2027 m

140 2065 206 2132 fide
237 2062 374 2143 fuerint,
400 2046 547 2149 adeoque
582 2081 712 2147 semper
745 2059 899 2148 chymera
931 2059 1069 2127 alteram
1091 2062 1204 2148 genuit
1190 2062 1281 2128 tch
1345 2086 1436 2132 eram

141 2167 224 2235 Post
255 2167 328 2232 illas
361 2173 486 2254 septem
517 2185 673 2252 personas
710 2164 944 2252 suprascriptas
966 2166 1107 2231 citarunt
1137 2165 1250 2233 Vitum
1312 2169 1436 2258 ipecky,

140 2272 301 2339 Joannem
323 2268 437 2353 Ziaba,
459 2268 636 2354 Georgium
657 2267 774 2367 Tatlsa,
797 2267 957 2336 Jacobum
972 2268 1202 2358 bibliopegam,
1220 2293 1307 2359 quos
1323 2275 1435 2363 pariter

142 2376 226 2442 sicut
245 2373 478 2463 praecedentes
493 2372 626 2438 allocuti
648 2371 796 2458 fuerunt3
818 2372 895 2440 ficta
915 2375 1106 2460 gravamina
1127 2377 1375 2444 communitatis
1394 2379 1431 2444 eis

140 2487 368 2568 proponentes,
391 2486 426 2542 ut
446 2497 564 2564 nempe
586 2476 694 2542 laesus
715 2476 865 2543 illaesum
886 2486 1002 2564 portet,
1025 2481 1081 2568 qui
1101 2478 1170 2545 fere
1191 2477 1259 2545 tale
1277 2481 1366 2548 sicut
1376 2483 1430 2570 pri·

141 2585 283 2650 crescis
311 2602 503 2669 responsum
536 2578 696 2647 dederunt
726 2579 880 2668 debitum,
903 2583 1015 2672 ajnre
1038 2606 1096 2650 suo
1125 2606 1192 2652 non
1227 2583 1424 2654 decedentes.

673 2753 821 2822 CAPUT
848 2754 902 2822 35.

140 2861 178 2924 In
202 2884 261 2942 quo
307 2863 487 2944 insinuatur,
510 2866 589 2943 quod
611 2865 715 2925 consul
738 2873 768 2925 ct
804 2871 926 2926 senatus
948 2872 1127 2928 attestentur
1147 2886 1252 2929 coram
1276 2873 1344 2930 tota
1364 2886 1431 2929 com·

140 2952 293 3033 munitate,
325 2971 359 3011 se
381 2952 448 3014 illos
471 2954 574 3012 exules
596 2954 692 3013 denuo
714 2953 746 3012 in
768 2955 1006 3015 communionem
1028 2955 1149 3016 civilem
1171 2957 1388 3034 assumpsisse,
1408 2962 1431 3014 et

141 3038 398 3100 administratores
436 3040 504 3100 illos
526 3061 582 3120 pro
603 3040 683 3100 veris
720 3048 751 3100 et
771 3041 911 3101 fidelibus
933 3043 1104 3103 christianis
1143 3043 1328 3118 declarasse,
1351 3042 1431 3104 etium

140 3146 297 3204 personae,
320 3146 397 3204 quae
433 3124 542 3188 iterum
563 3147 702 3188 reversae
738 3127 866 3200 fuerunt,
889 3129 1088 3192 nominantur.
1133 3130 1271 3190 Tandem
1297 3132 1429 3192 decoro·

143 3214 264 3275 natione
299 3213 331 3274 in
353 3214 480 3294 imperio
501 3235 625 3277 romano
643 3215 729 3294 regis
751 3216 947 3293 Ferdinandi,
981 3227 1011 3278 et
1031 3218 1126 3297 qualis
1156 3236 1298 3279 annonae
1331 3218 1430 3280 caritas

544 3330 546 3334 >
644 3301 691 3362 his
713 3303 797 3364 annis
829 3302 925 3367 fuerit.

166 3450 372 3519 Tandem
394 3451 550 3519 dicJovis
561 3460 635 3541 post
621 3452 812 3520 tfestumS.
823 3453 1066 3522 Bartholomaei
1087 3455 1154 3544 (25.
1164 3453 1265 3546 Aug.)
1290 3477 1428 3524 commu·

138 3555 224 3621 nitas
245 3538 379 3623 Vetero-
367 3557 587 3644 ·Pragensis
576 3582 612 3624 m
634 3562 756 3624 curiam
777 3568 955 3627 convocata
975 3561 1045 3645 sirit,
1067 3561 1123 3628 ubi
1144 3562 1330 3648 Progenses
1353 3583 1429 3629 com·

136 3660 287 3726 munitati
322 3669 561 3749 proposuerunt
582 3670 614 3729 et
635 3665 806 3730 contestati
833 3646 963 3730 filerunt
995 3663 1036 3730 de
1066 3665 1123 3732 illa
1151 3665 1280 3731 actione
1316 3667 1427 3732 amica·

138 3761 199 3829 bili
221 3786 293 3829 cum
315 3764 367 3831 his
381 3773 514 3853 septem
535 3769 694 3855 personis,
717 3768 965 3835 Bartholomaeo
989 3768 1106 3848 scriba,
1129 3777 1257 3835 etcum
1280 3769 1356 3836 aliis
1383 3791 1427 3836 su·

138 3869 339 3956 proscriptis,
373 3891 456 3958 quae
478 3870 616 3937 antehac
637 3872 724 3940 facta
753 3872 856 3938 fuit
846 3895 881 3939 m
903 3883 1018 3940 senatu
1048 3875 1083 3939 in
1111 3875 1298 3962 praesentia
1330 3874 1428 3942 admi·

139 3970 321 4037 nistratoris
358 3982 390 4038 et
423 3976 661 4041 communitatis
699 3978 873 4062 seniorum,
896 3977 983 4066 quod
1012 3998 1130 4067 nempe
1151 3978 1229 4045 illos
1247 4001 1427 4068 reassump-

140 4075 271 4140 serint
262 4099 298 4141 m
320 4079 583 4145 communitatem
606 4079 765 4147 libertatis
788 4082 938 4167 civilis,
928 4106 963 4148 m
985 4105 1050 4169 qua
1070 4091 1127 4149 ant
1127 4105 1166 4151 ea
1188 4087 1368 4171 constituti,
1390 4084 1426 4151 de

137 4177 224 4244 malo
250 4184 399 4267 suspecti,
423 4181 543 4270 culpati
567 4194 599 4250 ct
620 4185 722 4252 auditi
743 4182 874 4253 fuerunt
895 4196 1039 4277 tempore
1059 4189 1127 4269 illo,
1150 4196 1328 4278 antequam
1348 4190 1423 4257 rele

138 4283 206 4369 gati
228 4282 365 4349 firissent
388 4284 529 4378 (prout
520 4309 554 4353 ιιι
575 4291 761 4375 praesentia
782 4300 946 4358 nostrum
964 4293 1063 4359 locuti
1086 4294 1185 4383 sunt),
1208 4296 1297 4382 quod
1328 4294 1425 4384 parati

137 4386 259 4452 fuerint
281 4386 444 4454 cuilibet
435 4411 469 4455 m
491 4390 642 4458 omnibus
665 4395 852 4464 satisfacere
875 4395 971 4463 etde
993 4399 1143 4466 omnibus
1175 4396 1369 4482 inhonestis,
1401 4396 1426 4464 si

137 4512 221 4576 quae
243 4491 390 4575 fuissent,
412 4496 621 4582 respondere,
644 4508 676 4564 et
698 4499 726 4565 si
748 4501 783 4566 in
804 4501 856 4568 his
879 4505 1062 4572 conservati
1083 4504 1231 4589 fuissent,
1244 4506 1424 4593 quodnun·

138 4617 235 4680 quam
259 4618 296 4662 co
320 4595 538 4695 devenissent,
562 4604 734 4690 quasillis
756 4607 955 4677 acciderunt
989 4609 1082 4676 Haec
1103 4620 1137 4676 et
1157 4611 1222 4677 alia
1245 4614 1366 4681 similia
1387 4612 1423 4678 de

133 4697 202 4766 illis
225 4698 315 4770 dicta
334 4700 478 4772 fuerunt.
521 4705 645 4778 Ultimo
666 4709 798 4778 tandem
821 4732 933 4781 omnes
953 4712 1114 4784 adhortati
1136 4724 1221 4804 sunt,
1242 4729 1279 4784 ut
1299 4718 1423 4788 illosin
