2948 5040
104 142 150 227 a,

104 326 276 408 celebrata,
300 333 333 389 et
348 325 446 411 juxta
470 318 627 409 suffragia
649 320 888 390 communitatis
909 317 1094 409 Pragensis,
1119 342 1202 410 quae
1226 324 1302 388 acta
1321 327 1400 388 sunt

108 428 162 495 die
184 427 338 494 mercurii
362 437 437 515 post
457 427 577 492 festum
600 425 633 491 S.
657 426 811 491 Stanielai
848 447 933 491 anno
955 425 1007 491 24.
1031 446 1113 514 quae
1136 434 1289 493 annotata
1309 424 1398 491 infra

105 532 324 619 reperiuntur.
343 524 348 541 '
368 529 453 596 Illud
477 541 585 596 autem
607 538 743 617 utraque
765 551 842 618 pars
865 530 1027 595 contraria
1049 528 1083 594 in
1104 527 1243 596 nihilum
1261 552 1399 595 conver·

104 639 152 702 tit.
194 635 247 702 Ob
271 622 354 724 quae
376 636 492 699 iterum
507 633 655 716 daemon,
680 655 754 698 cum
767 633 873 698 eidem
895 633 1076 700 insedibus
1099 632 1252 718 dilatatis,
1275 655 1397 721 nempe

103 738 285 828 superbiae,
307 760 412 805 vanae
435 737 552 822 laudis,
575 738 744 818 avaritiae,
768 736 934 820 falsitatis,
957 739 1103 803 omnium
1124 737 1260 803 aliarum
1282 738 1403 825 volup·

101 855 213 926 tatum,
236 852 269 908 et
290 842 514 908 confusionum
536 840 736 906 clericalium
758 851 790 906 et
816 841 980 907 laicalium
1015 841 1116 907 multa
1139 841 1326 925 defecerint,
1348 843 1399 907 in·

102 949 234 1035 stigavit
255 957 368 1012 contra
389 968 445 1011 eos
466 960 592 1033 partem
614 944 787 1010 adversam
817 945 1067 1012 christianorum
1095 946 1325 1023 Romanorum,
1360 953 1398 1011 ut

100 1051 181 1117 illud
202 1051 323 1117 bonum
347 1048 537 1137 impediant,
573 1072 710 1136 regnum
732 1057 840 1114 autem
863 1051 934 1137 ejus
964 1049 1100 1116 dilatent
1120 1053 1247 1131 iterum,
1284 1051 1397 1137 itaque

100 1154 214 1221 ordine
235 1154 440 1240 infrascripto
465 1151 667 1236 factumest,
692 1152 786 1239 quod,
810 1155 865 1242 qui
876 1154 949 1220 Deo
971 1152 1111 1219 fideliter
1138 1156 1270 1236 servire,
1293 1155 1397 1218 vitam

102 1281 194 1326 suam
234 1256 487 1346 praecedentem
522 1258 557 1321 in
579 1256 746 1322 meliorem
780 1267 977 1324 commutare
1005 1257 1186 1340 voluerunt,
1220 1256 1301 1321 tales
1325 1257 1398 1321 sine

101 1364 294 1448 exceptione
315 1383 354 1427 ac
385 1361 560 1426 sufficienti
581 1360 772 1447 probatione
783 1361 979 1428 Pickhartae
1002 1371 1035 1426 et
1047 1360 1226 1426 Lutberani
1240 1359 1400 1425 nominati

102 1465 223 1532 fiterint
243 1465 286 1531 ab
307 1465 384 1547 illis,
421 1467 475 1552 qui
508 1463 590 1529 alias
624 1466 658 1528 in
680 1464 830 1531 omnibus
861 1468 984 1530 tamin
1018 1464 1083 1530 fide
1116 1487 1214 1555 quam
1246 1461 1395 1530 moribus

100 1570 253 1638 contrarii
275 1570 414 1636 bierunt.

611 1739 758 1808 OAPUT
782 1742 833 1807 10.

128 1877 165 1937 In
188 1893 245 1952 quo
267 1875 401 1951 refertur,
439 1875 512 1954 quid
534 1875 669 1937 Mathiae
690 1877 854 1937 Melinensi
878 1876 1035 1950 acciderit,
1055 1877 1126 1936 dum
1147 1876 1286 1936 instituta
1309 1875 1367 1935 fuit

227 1961 389 2042 processio,
413 1971 443 2022 et
465 1962 516 2021 ille
536 1963 654 2021 flectere
675 1965 781 2038 noluit,
803 1974 833 2024 et
855 1965 1003 2040 quomodo
1025 1961 1156 2023 afflictus
1180 1962 1274 2023 luerit.

183 2111 244 2179 lllo
266 2121 376 2177 autem
399 2121 555 2198 tempore,
579 2111 655 2176 dnm
676 2135 728 2178 res
748 2113 809 2179 hae
832 2113 1025 2196 ordirentur,
1059 2112 1197 2178 daemon
1219 2113 1337 2178 mirum
1361 2113 1395 2177 in

95 2217 226 2282 modum
249 2239 291 2282 ex
314 2215 402 2282 omni
423 2223 515 2303 parte
537 2216 629 2281 varie
652 2215 751 2281 corda
773 2217 940 2282 hominum
975 2217 1144 2283 succendit
1176 2239 1235 2304 per
1268 2215 1394 2281 clerum

93 2321 299 2402 malitiosum,
320 2341 387 2384 non
408 2327 532 2383 tantum
555 2318 680 2405 Pragae
693 2319 857 2407 (regiones
880 2319 960 2385 alias
984 2320 1037 2386 hic
1059 2320 1198 2409 omitto),
1222 2319 1395 2384 sedetiam

95 2427 130 2490 in
152 2424 226 2489 aliis
247 2423 346 2489 variis
369 2422 546 2487 Bohemiae
579 2422 670 2506 locis,
692 2422 773 2489 illud
797 2424 873 2510 egit,
895 2426 1079 2513 quicunque
1100 2427 1241 2512 agnovit,
1280 2433 1314 2488 et
1339 2424 1393 2509 ju·

96 2528 217 2595 dicavit
240 2525 304 2591 sibi
324 2525 410 2591 male
432 2527 486 2613 agi
508 2525 550 2593 ab
573 2526 759 2592 hominibus
782 2527 891 2593 Deum
913 2529 1112 2607 timentibus,
1147 2528 1205 2594 sed
1228 2527 1291 2593 sibi
1315 2549 1391 2592 con·

94 2632 211 2697 trariis.
236 2630 529 2696 Hicnecessarium
553 2639 611 2712 est,
633 2640 670 2694 ut
690 2631 828 2696 referam
853 2655 973 2716 casum,
997 2631 1309 2719 quiKuttenbergae
1330 2630 1394 2695 hoc

98 2756 182 2801 anno
229 2735 315 2800 1524
345 2733 474 2818 accidit,
497 2742 643 2820 tempore
664 2733 839 2819 paschatis,
862 2743 895 2799 et
917 2735 994 2822 quid
1012 2735 1132 2801 exinde
1156 2744 1260 2800 ortum
1281 2733 1390 2799 fuerit

179 2839 268 2903 Dum
279 2837 525 2925 Kuttenbergae
549 2859 591 2902 ex
612 2837 752 2904 ecclesia
774 2840 1058 2927 processionaliter
1074 2841 1262 2922 exivissent,
1286 2849 1391 2904 trans·

94 2950 207 3008 euntes
237 2941 399 3028 quendam
422 2942 585 3008 hominem
607 2942 763 3007 Mathiam
785 2942 950 3031 Malinsky
982 2944 1113 3028 dictum,
1136 2946 1241 3010 civem
1252 2942 1391 3009 Kutten-

92 3045 295 3131 bergensem,
319 3046 369 3109 sui
392 3046 512 3132 opificii
534 3045 719 3132 pellionem,
732 3048 786 3134 qui
808 3047 842 3110 in
855 3048 995 3136 quodam
1017 3048 1088 3113 loeo
1111 3048 1238 3130 sedens,
1261 3045 1388 3113 nullam

94 3152 336 3218 venerationem
360 3151 575 3216 eucharistiae
598 3154 632 3217 in
654 3155 870 3219 monstrantia
891 3151 1048 3234 exhibuit,
1071 3173 1188 3239 nempe
1210 3150 1390 3237 flectend03

91 3257 174 3322 sicut
195 3265 306 3329 notum
329 3264 378 3319 est
400 3277 444 3320 ex
464 3256 679 3321 instrumento
696 3258 766 3343 ejus
783 3256 1012 3342 infrascripto,
1036 3254 1122 3340 quod
1138 3255 1271 3342 propria
1291 3277 1390 3320 manu

94 3359 234 3426 confecit
268 3370 299 3424 et
332 3360 457 3423 senatui
480 3359 627 3424 incuria
661 3362 815 3447 porrexit,
848 3368 979 3447 paratus
1002 3357 1080 3422 dare
1116 3359 1275 3422 rationem
1311 3358 1389 3425 fidei

92 3484 180 3527 snae.
224 3463 312 3527 Hinc
334 3462 472 3550 populus
495 3463 676 3548 procedens
700 3464 904 3529 consurrexit
926 3473 1134 3544 contraeum,
1158 3462 1388 3551 etapprehen·

90 3566 203 3632 dentes
226 3589 299 3632 eum
322 3568 572 3648 incarceramnt,
597 3577 628 3632 et
651 3590 859 3633 concremare
874 3567 1062 3650 voluerunt3
1084 3589 1137 3631 res
1151 3576 1257 3631 autem
1272 3578 1389 3655 postea

91 3692 130 3734 eo
152 3671 294 3752 devenit,
333 3669 419 3756 quod
442 3681 572 3736 senatus
595 3671 685 3737 urbis
707 3673 881 3737 Montanae
905 3694 977 3736 eum
1001 3669 1136 3758 pacifice
1161 3692 1235 3735 cum
1258 3669 1386 3736 Joanne

94 3771 220 3837 Buehal
255 3782 332 3836 tunc
368 3776 521 3859 temporis
555 3773 677 3839 decano
700 3777 735 3839 in
758 3775 896 3840 eeclesia
927 3774 1043 3857 altiori,
1078 3797 1150 3839 eum
1182 3775 1256 3840 aliis
1289 3778 1386 3842 etiam

91 3873 311 3942 sacerdotibus
334 3875 523 3941 audiverint.
571 3877 824 3943 Instrumentum
849 3879 918 3963 ejus
942 3880 1096 3965 scriptum
1129 3881 1175 3944 ita
1196 3880 1321 3967 incipit,
1355 3890 1387 3945 et

89 3979 173 4044 infra
196 3981 294 4042 etiam
316 4001 473 4065 responsa
496 3982 537 4047 ad
563 3985 769 4069 quaestiones
794 3982 824 4045 ei
848 3983 1028 4067 propositas
1048 3993 1207 4048 notantur.

169 4081 210 4146 In
231 4087 362 4148 nomine
384 4084 458 4167 Dei,
482 4087 598 4150 Amen.
645 4086 828 4151 Necessitas
857 4107 910 4149 me
943 4095 1045 4171 urget,
1071 4087 1193 4152 domini
1219 4089 1382 4172 consules,

89 4205 129 4248 ac
152 4184 243 4249 chari
264 4184 397 4272 domini3
419 4198 455 4252 ut
476 4190 624 4253 notitiam
647 4199 679 4253 et
695 4189 871 4255 tassionem
883 4189 1041 4275 deponam
1054 4190 1095 4254 de
1107 4202 1180 4256 actu
1193 4189 1259 4270 illo,
1285 4215 1382 4282 quem

89 4287 222 4375 ipsimet
243 4290 431 4376 conspicere
454 4291 682 4376 dignabantur,
707 4291 793 4377 quod
815 4314 932 4379 nempe
956 4293 1103 4370 sederim,
1127 4294 1202 4359 dum
1216 4298 1390 4382 processio

88 4392 300 4475 transivisset‚
325 4406 356 4458 et
378 4417 444 4459 non
468 4416 552 4480 genu
568 4394 727 4476 flexerim,
752 4397 835 4459 sicut
856 4398 1070 4462 communiter
1092 4399 1291 4465 consuetudo
1325 4401 1383 4467 bu·

90 4515 186 4560 mana
208 4518 318 4562 secum
341 4498 413 4580 fert,
437 4507 469 4562 et
492 4498 578 4584 quod
601 4521 652 4564 me
676 4499 748 4564 aliis
771 4522 834 4565 non
859 4500 1139 4570 conformaverim.
1184 4503 1269 4570 Tum
1293 4506 1380 4571 enim

84 4598 175 4663 multi
197 4601 317 4666 civium
340 4599 548 4665 scandalisati
567 4612 679 4667 contra
702 4626 753 4667 me
769 4605 886 4668 vestris
903 4603 1176 4669 dominationibus
1204 4611 1379 4698 conquesti

91 4710 178 4784 sunt,
202 4701 331 4788 qualern
355 4703 578 4769 inconsuetam
603 4729 670 4770 rem
695 4708 825 4792 egerim.
870 4707 942 4772 Non
964 4708 1072 4791 miror,
1097 4707 1182 4795 quod
1204 4709 1238 4775 in
1260 4710 1384 4778 eisdem
