2948 5040
1283 162 1354 235 ‘119

66 376 70 387 =
109 419 112 423 .
154 335 229 402 Hoc
256 334 364 402 adbuc
394 336 529 403 ulterius
562 334 606 401 ad
626 334 699 402 illos
722 333 875 403 articulos
904 328 1053 424 pertinet,
1074 327 1182 427 *quod
1213 336 1294 404 ritus
1323 348 1357 406 et

62 440 320 531 consuetudines
343 434 567 524 ecclesiastici,
599 462 717 527 nempe
740 442 950 508 ceremoniae·
966 436 1089 509 serveri
1111 442 1261 527 debeant,
1276 439 1279 443 ’
1296 446 1353 533 qui

62 545 279 610 communiter
309 544 430 633 ubique
462 547 497 611 in
530 543 643 610 officiis
661 543 782 611 divinis
812 556 982 613 servantur
1003 556 1063 612 tet*
1081 542 1285 612 adhibentur.
1318 549 1356 616 Si

11 702 15 707 .
65 671 147 716 vero
170 648 251 737 hoec
272 651 379 714 statim
403 649 444 714 ab
468 648 618 729 omnibus
648 672 714 715 non
738 653 988 740 susciperentur,
1024 650 1098 716 ideo
1129 672 1197 738 pax
1224 662 1257 718 et
1278 654 1355 720 unio

67 751 224 841 impediri
246 775 311 818 non
336 751 465 837 debent,
489 755 565 840 quia
585 753 668 819 hoec
688 764 784 837 erunt
804 757 839 820 in
861 755 966 821 libera
998 753 1174 839 voluntate,
1209 755 1272 831 sed¹
1299 758 1353 845 qui

67 857 244 934 voluerint,
267 857 309 922 ad
332 857 505 927 concilium
525 856 716 925 Basileense
738 883 798 947 pro
819 861 1040 927 instructione>
1056 861 1169 925 venire
1190 868 1351 945 poterunt.

154 961 255 1045 Item;
280 960 521 1027 edictumsliud
543 961 639 1050 hujus
663 965 809 1050 episcopi
823 958 984 1045 Filiberti,
1007 964 1095 1050 quod
1109 964 1355 1030 conciliumhoc

67 1089 134 1133 non
160 1062 309 1151 admittat
331 1066 589 1163 communionem
611 1065 670 1131 sub
693 1076 829 1154 utraque
845 1060 955 1155 speeie
973 1067 1157 1134 hominibus
1172 1071 1207 1134 in
1221 1079 1355 1157 peccato

66 1172 263 1238 constitutis.
735 1227 738 1236 .

154 1268 257 1359 Item;
279 1273 365 1362 quod
389 1275 569 1366 superiores
591 1275 707 1361 punire
728 1276 853 1363 possint
874 1274 1021 1341 homines
1039 1275 1209 1341 inferiores
1221 1260 1354 1365 propter

65 1384 213 1470 peecata,
246 1378 280 1444 id
302 1378 457 1466 probatur
478 1401 521 1443 ex
536 1377 578 1448 ,S.
600 1378 793 1464 Augustino,
817 1380 872 1467 qui
894 1380 956 1444 ait:
992 1379 1056 1460 Qui
1089 1381 1208 1446 oceidit
1240 1380 1370 1466 malos,

68 1486 126 1572 qui
156 1482 233 1555 mali
256 1492 339 1566 sunt,
363 1491 396 1548 et
416 1505 546 1549 oausam
559 1482 731 1549 occidendi
752 1483 858 1565 habet,
882 1507 995 1551 servus
1010 1487 1075 1569 Dei
1090 1494 1157 1571 est;
1180 1488 1233 1552 oui
1247 1494 1356 1553 autem

66 1588 149 1661 haec
159 1595 302 1675 potestas
314 1587 390 1679 dato
400 1609 465 1652 non
475 1586 545 1668 fuit,
566 1595 599 1652 et
609 1585 771 1680 quendam
790 1588 909 1654 occidit
931 1599 986 1655 sut
996 1590 1106 1669 laedit,
1123 1590 1286 1656 homicida
1297 1599 1355 1666 est.

60 1772 67 1781 .
154 1691 257 1775 Item;
291 1693 385 1779 quod·
400 1691 538 1759 subinde
560 1691 691 1777 quidam
713 1692 878 1779 praelatus
900 1695 1089 1775 exinvidia
1119 1704 1176 1760 sut
1207 1694 1257 1760 ire
1286 1696 1356 1761 sine

10 1804 33 1821 ''
69 1818 171 1864 causo.
192 1796 374 1862 sufficiente
396 1795 482 1862 bono
505 1805 537 1861 et
557 1795 708 1883 prudenti
731 1799 951 1864 concionatori
972 1799 1148 1865 christiano
1171 1800 1358 1865 concionari

68 1898 253 1989 prohibeat,
277 1922 394 1988 exque
408 1899 627 1969 dissensiones
643 1900 790 1965 oriuntur
811 1902 845 1966 in
864 1905 997 1991 populo,
1015 1905 1077 1970 hoc
1089 1905 1237 1970 revocari
1249 1902 1357 1969 debet.

158 2003 259 2089 Item;
291 2005 378 2090 quod
399 2004 561 2092 praelatus
583 2014 674 2070 actus
698 2025 852 2072 exercere
867 1990 1016 2094 possitin
1027 2009 1186 2094 regimine
1197 2007 1356 2073 bonorum

69 2109 298 2199 personaliter,
321 2132 438 2197 nempe
460 2109 517 2175 illo
539 2109 721 2194 vendendo,
745 2113 1000 2200 oppignorsndo‚
1033 2112 1214 2201 reparando
1249 2121 1282 2176 et
1305 2134 1354 2181 se·

76 2214 251 2281 cundum'
235 2238 313 2303 Juro
333 2215 472 2302 egendo,
493 2215 537 2281 ed
557 2216 639 2282 alios
661 2225 769 2283 autem
791 2225 844 2282 oct
845 2241 891 2303 us,
915 2219 1072 2308 quosdam
1084 2217 1182 2284 debet
1199 2216 1355 2284 adhibere

64 2323 313 2410 Burggravium
334 2318 518 2389 officialem.
539 2323 584 2389 Et
605 2325 667 2391 boc
689 2326 751 2391 erit
767 2325 852 2407 ideo,
876 2325 951 2413 quia
964 2323 1129 2414 praelatus
1141 2344 1257 2390 monus
1273 2342 1348 2405 sues

73 2427 203 2513 lavabit,
181 2438 259 2495 tet
280 2428 376 2518 hujus
400 2429 568 2516 sanguinis
588 2451 662 2495 reus
684 2453 750 2496 non
773 2430 843 2495 erit.
1279 2446 1282 2454 ·

157 2523 256 2619 Item,
280 2557 362 2603 unus
374 2532 421 2600 de
418 2534 542 2623 legate
564 2535 709 2601 Joannes
731 2533 881 2601 Polemsr
903 2535 1132 2601 sentimentum
1147 2555 1241 2600 suum
1263 2531 1356 2616 dixit,

68 2638 157 2727 quod
180 2641 328 2727 regimen
350 2638 509 2709 bonorum
531 2638 689 2706 ecelesiae
699 2641 862 2727 pertineat
875 2638 1015 2722 Christo,
1038 2637 1175 2726 praelati
1194 2661 1273 2706 vero
1283 2659 1357 2704 cum

68 2767 128 2810 suo
142 2743 239 2810 clero
262 2746 328 2809 sint
348 2744 516 2828 officiales,
539 2743 582 2809 ad
604 2743 881 2811 similitudinem
871 2744 1035 2831 imaginis.

160 2849 293 2933 ItemJ
278 2870 350 2936 Jam
372 2848 426 2913 hic
449 2848 619 2919 subscribo
643 2849 908 2936 desumptumt
870 2847 1037 2912 literarum
1063 2869 1105 2912 ex
1132 2848 1354 2935 compactatis,

40 3038 43 3045 Ι
71 2977 158 3044 quae
179 2953 317 3020 Bohemi
339 2962 552 3041 susceperunt
574 2976 594 3019 a
615 2952 752 3019 concilio
775 2951 967 3030 Besileensi,
990 2950 1180 3019 aFiliborto
1202 2953 1356 3040 episcopo

10 3087 12 3090 ·
74 3071 109 3127 et
130 3059 204 3127 aliis
227 3060 353 3145 legatis,
375 3081 460 3123 anno
483 3068 516 3123 et
523 3059 662 3142 die,ut
625 3079 790 3145 usupra.
882 3118 885 3123 .

40 3218 44 3225 .
156 3164 259 3248 Item;
282 3164 391 3250 primo
411 3162 683 3232 confirmaverunt
704 3164 857 3229 unionem
880 3160 1039 3229 ecclesiae
1061 3183 1159 3227 verse
1180 3162 1215 3225 in
1238 3163 1355 3228 unione

74 3269 154 3336 fidei
185 3268 402 3350 universalis,
430 3291 526 3356 quam
559 3267 698 3333 Bohemi
727 3277 760 3333 et
792 3266 920 3332 Morari
953 3272 1177 3354 susceperunt,
1214 3276 1352 3354 excepto

17 3441 20 3447 .
74 3376 188 3459 calice,
211 3376 267 3461 qui
288 3374 353 3439 illis
374 3366 548 3439 admissus
557 3372 628 3438 fuit
1332 3438 1335 3444 Δ

162 3479 245 3549 Item
279 3478 470 3549 clericorum
500 3469 637 3545 ordinet
615 3487 674 3543 t.10
690 3466 908 3543 Bohemist
876 3484 908 3541 et
938 3475 1081 3543 Morsvis
1114 3473 1258 3543 inhiberi
1286 3499 1355 3543 non

80 3584 189 3667 debet,
212 3584 277 3648 nisi
299 3570 363 3648 elia
377 3586 470 3673 justa
503 3593 535 3648 et
556 3582 667 3649 debita
689 3604 787 3650 causa
808 3580 1112 3662 adversaretur,.et
1077 3581 1319 3669 eepiscopi
1301 3581 1356 3647 eos
1383 3662 1386 3669 J

77 3693 140 3755 rite
161 3676 331 3754 sbsolvere
353 3687 474 3754 debent
506 3687 565 3754 sub
587 3709 718 3776 poene
716 3695 748 3757 e
735 3684 914 3757 tvindicta
936 3685 977 3752 ob
1001 3681 1111 3751 eorum
1134 3687 1356 3774 superioribus

74 3792 339 3882 infligenda.

157 3899 241 3963 Item
270 3868 401 3983 ultimo,
436 3876 524 3983 quod
541 3897 645 3981 judex
666 3896 722 3964 ille
743 3899 927 3963 nominatus
949 3905 982 3963 et
1002 3895 1224 3961 constitutus
1214 3918 1250 3960 m
1275 3905 1358 3962 trao-

74 4003 196 4069 tatibus
218 4004 370 4070 fueritet
357 4006 454 4070 terit
469 4003 605 4099 judex
596 4028 631 4069 m
653 4004 750 4070 rebus
783 4003 932 4070 omnibus
954 4001 1052 4068 fidem
1075 4011 1107 4066 et
1129 3999 1257 4085 dogma
1269 4023 1359 4067 senc·

72 4119 125 4175 tae
148 4108 306 4176 ecclesiae
318 4110 384 4175 Dei
397 4109 677 4194 concernentibus,
701 4108 1014 4176 etsecundumhunc
1028 4106 1177 4194 judicem
1188 4107 1360 4174 concilium

72 4238 109 4282 se
131 4214 273 4300 dirigere
295 4214 435 4282 intendit
455 4216 489 4279 in
511 4213 608 4281 rebus
631 4213 743 4280 Sancti
753 4213 901 4301 Spiritus.
934 4212 975 4277 In
991 4208 1097 4278 ⁴literis
1118 4234 1139 4277 s
1161 4211 1276 4300 legatis
1298 4234 1359 4301 pro

70 4314 226 4385 Bohemis
249 4329 281 4383 et
302 4319 445 4384 Morovis
467 4317 594 4383 traditis
616 4317 803 4384 conclusum
832 4316 901 4400 fuit,
932 4317 1018 4405 quod
1048 4316 1191 4383 efficiant
1206 4366 1209 4371 >
1223 4324 1256 4383 et
1279 4340 1358 4383 con-

73 4427 205 4492 stituant
227 4424 293 4494 illis
322 4434 511 4512 perpetuam
541 4433 573 4489 et
594 4446 703 4491 veram
734 4445 849 4512 pacem
879 4444 953 4488 cum
982 4422 1131 4488 omnibus
1164 4408 1359 4502 christianis,

10 4592 13 4599 .
74 4530 268 4598 mandantes
291 4529 408 4595 virtute
431 4528 561 4595 concilii
571 4529 771 4595 Besileensis
794 4529 853 4595 toti
875 4537 907 4594 et
928 4528 1100 4594 universae
1123 4525 1359 4611 christianitati,
1418 4606 1421 4612 Ι

71 4646 108 4701 ut
139 4658 258 4723 paoem
286 4635 463 4722 perfectam
498 4643 530 4700 et
560 4643 751 4724 perpetuam
785 4656 858 4699 cum
886 4634 1003 4700 iisdem
1037 4639 1175 4715 servent,
1209 4652 1264 4696 eos
1293 4653 1360 4698 non

71 4740 352 4828 vituperentrnec
385 4745 577 4830 quocunque
598 4739 704 4821 modo
734 4740 781 4809 eis
814 4747 963 4824 noceant
978 4797 981 4801 .
994 4745 1162 4820 cessantes
1180 4736 1237 4802 itii
1261 4735 1375 4817 teus-tx
