2948 5040
1243 136 1307 207 159

551 315 699 384 CAPUT
719 317 771 385 23.

73 494 134 557 qu'o
155 478 334 554 insinuatur,
357 478 436 553 quod
456 477 502 536 illi
524 474 607 537 Sauli
628 477 742 538 reversi
765 496 783 535 a
804 496 884 554 rege,
907 478 1018 539 malum
1039 478 1189 560 inceptum
1212 484 1304 543 couti-

54 568 178 629 sveriut.
211 565 287 628 Item
309 567 388 640 quod
403 567 483 624 Deus
498 565 605 625 mirum
615 565 647 625 in
658 566 777 625 modum
792 582 845 624 cor
858 566 950 643 regis,
975 566 1118 627 Hlawsae
1140 578 1170 628 et
1186 568 1308 631 Schorff

54 656 166 717 dictum
188 653 330 729 effecerit,
354 654 423 711 dum
445 652 535 710 etiam
555 655 670 727 absque
689 652 808 713 lieentia
829 671 929 730 regem
943 654 1152 727 accessissent,
1175 657 1226 731 qui
1239 666 1305 717 tan-

54 764 80 807 ta
103 743 174 803 illos
196 742 273 801 lalse
295 747 449 801 accusatos
471 738 566 799 luisse
596 739 722 799 rescivit
743 748 773 797 et
794 741 955 817 condoluit,
978 750 1067 821 atque
1087 743 1120 803 id
1144 743 1203 803 illis
1226 765 1305 805 com·

507 845 634 904 pensare
656 825 814 901 quaesivit.

98 979 228 1045 Interea
255 976 438 1064 Pragenses
460 984 589 1064 praeter
609 977 693 1043 -illos
716 978 787 1065 jam
820 983 916 1042 antea
937 978 1090 1064 expulsos
1113 1000 1156 1043 ex
1177 978 1308 1044 civitate

54 1106 102 1153 ves
135 1092 169 1148 et
194 1082 319 1148 incolas
342 1102 431 1164 suos,
463 1081 569 1146 adhuc
602 1081 689 1146 circa
718 1084 943 1169 quinquaqinta
972 1104 1128 1169 personas
1159 1106 1203 1149 ex
1224 1083 1305 1149 urbs

54 1190 105 1255 ire
122 1189 291 1276 jusserunt
312 1195 371 1252 etc.
414 1185 476 1251 His
498 1185 604 1250 adhuc
625 1206 692 1250 non
721 1187 864 1251 contenti
884 1185 1026 1263 fuerunt,
1061 1186 1119 1252 sed
1141 1196 1309 1275 praeterea

54 1292 101 1359 ud
121 1314 235 1379 regem
256 1290 425 1378 urgebant,
448 1298 571 1354 utnon
593 1289 697 1355 solum
719 1289 766 1355 illi
789 1312 902 1357 omnes
926 1290 1055 1378 expulsi
1076 1292 1111 1356 iu
1133 1313 1234 1379 reguo
1247 1292 1310 1359 Bo·

54 1399 151 1480 miae,
179 1397 245 1461 imo
267 1396 385 1460 necin
407 1394 481 1459 ullis
503 1395 681 1481 provinciis
703 1395 804 1481 regiis
839 1394 1024 1476 tolerentur,
1058 1397 1136 1482 quia
1157 1398 1310 1463 inventae

54 1509 145 1567 erunt
166 1499 298 1565 dolosae
319 1500 354 1563 in
377 1498 572 1564 cancellaria
593 1500 685 1584 regia
717 1498 862 1564 nondum
884 1497 1088 1584 obsigillatae
1110 1490 1232 1580 literae,
1253 1502 1310 1568 uhi

54 1606 128 1671 ima
148 1604 299 1671 voluntas
321 1603 413 1688 regia
428 1604 499 1689 jam
520 1600 563 1666 ad
592 1601 723 1667 illorum
754 1601 870 1666 falsam
900 1600 1097 1668 delationem
1128 1607 1311 1693 conscripta

54 1718 125 1777 nat
169 1708 260 1774 Deus
281 1714 358 1773 vero
382 1708 491 1772 omnia
511 1707 706 1789 immutavit,
727 1714 904 1793 antequam
922 1728 975 1771 res
990 1707 1179 1794 prodiverit.
1222 1710 1310 1776 Dum

54 1822 111 1881 tur
140 1812 290 1879 dominus
311 1811 455 1877 Joanues
488 1809 623 1876 Hlavvsa
653 1818 686 1874 et
713 1809 869 1875 Nicolaus
902 1810 1035 1876 Schorff
1054 1812 1125 1899 jam
1156 1815 1191 1878 in
1219 1815 1311 1882 Hun-

54 1920 140 1985 riam
161 1938 226 1982 non
248 1916 361 2004 procul
382 1915 477 1980 Buda
499 1914 720 1997 advenissent,
741 1913 930 1978 metuebant
944 1914 1102 1980 accedere
1117 1939 1227 2002 regem
1251 1918 1311 1984 do-

54 2042 137 2089 num
159 2044 252 2086 suum
287 2020 328 2086 ob
351 2020 485 2084 nimiam
505 2017 775 2101 adversationem,
804 2038 900 2102 quam
923 2018 1010 2104 apud
1030 2040 1141 2105 regem
1163 2022 1308 2087 incurre-

54 2134 98 2212 nt,
118 2126 361 2216 propterlalsas
383 2123 573 2209 delationes,
594 2144 660 2189 una
681 2121 916 2189 cumomnibus
935 2121 1007 2187 aliis
1020 2121 1129 2209 Praga
1141 2124 1310 2211 expulsis3

54 2218 253 2297 diuiserunt
272 2252 311 2295 eo
333 2231 482 2295 nuntium
503 2250 578 2294 cum
592 2228 704 2310 literis,
727 2235 876 2316 petentes
904 2226 1029 2292 salvum
1052 2227 1256 2313 conductum,
1280 2236 1313 2294 et

54 2354 97 2401 uu
117 2335 246 2400 nuntius
266 2333 378 2399 literas
411 2335 482 2420 regi
515 2333 720 2413 tradidisset,
755 2354 816 2397 rex
838 2353 894 2396 eas
917 2353 983 2396 non
1006 2331 1154 2419 aperiens
1177 2333 1311 2399 tradidit

54 2438 145 2503 mino
166 2437 308 2525 Trepka,
339 2438 395 2525 qui
416 2459 472 2503 eas
493 2459 605 2502 musas
627 2436 873 2523 archiepiscopo
896 2434 1144 2521 Ostregomensi
1166 2436 1268 2520 dedit,
1291 2460 1313 2503 a

54 2564 78 2609 :o
98 2528 230 2609 inerunt
251 2543 448 2625 reconditae,
483 2543 530 2608 ita
551 2543 637 2631 quod
660 2565 721 2608 rex
744 2548 931 2607 contentum
954 2538 1083 2604 illarum
1105 2543 1227 2607 rescire
1248 2564 1314 2607 non

55 2651 165 2731 tuerit,
188 2670 262 2713 cum
283 2646 547 2734 archiepiscopus
569 2642 896 2732 regis'oaneellarius
918 2644 1073 2725 resciens,
1096 2646 1176 2732 quid
1197 2645 1310 2711 inillis

54 2756 170 2843 riptum
192 2755 241 2835 sit,
263 2774 330 2818 uon
351 2749 527 2834 admiserit,
560 2759 596 2815 ut
616 2750 687 2836 regi
704 2750 932 2816 extrudantur.
982 2750 1096 2839 Itaque
1118 2750 1153 2814 in
1175 2749 1312 2816 nihilum

54 2880 129 2945 reae
150 2857 290 2939 fuerunt,
313 2855 445 2921 tandem
467 2856 564 2921 etiam
585 2855 627 2921 ab
649 2856 866 2941 instigatione
888 2857 1038 2941 magistri
1059 2854 1186 2920 Passck
1207 2865 1240 2920 et
1253 2855 1313 2921 ali·

54 2984 107 3029 um
127 2961 353 3047 Prageueium,
386 2958 510 3025 ibidem
540 2961 761 3047 praesentium
792 2959 1059 3049 archiepiscopus
1094 2959 1178 3048 apud
1202 2982 1315 3046 regem

54 3067 146 3133 mino
161 3064 313 3131 Hlawsae
336 3072 368 3128 et
388 3063 516 3129 Schorff
539 3065 656 3129 struxit
676 3064 822 3147 iusidias,
845 3065 892 3128 ita
912 3064 999 3148 quod
1023 3065 1149 3131 salvum
1173 3066 1314 3131 conduc-

54 3194 82 3237 ur
104 3171 275 3257 acquirere
295 3190 361 3234 non
390 3170 571 3256 potuerint,
605 3168 669 3233 hoc
700 3167 774 3251 fine,
808 3176 844 3232 ut
876 3168 963 3233 mala
995 3170 1127 3257 incepta
1154 3170 1314 3257 perficere

56 3277 151 3343 seint.
179 3274 226 3340 Hi
246 3295 325 3340 vero
346 3281 455 3337 mente
477 3271 597 3337 turbati
612 3273 701 3337 omni
720 3272 866 3360 periculo
882 3295 919 3338 se
940 3285 1171 3361 exposuerunt,
1194 3282 1227 3339 et
1247 3294 1314 3340 nou

54 3386 243 3469 spectantes
260 3375 384 3442 salvum
397 3374 601 3458 conductam,
624 3374 752 3441 Budam
768 3398 804 3441 se
818 3386 1022 3464 receperunt,
1043 3376 1101 3442 ubi
1115 3379 1220 3465 primo
1233 3379 1314 3465 regi,

54 3483 147 3549 adem
168 3483 302 3568 reginae
324 3503 360 3547 so
382 3489 680 3569 praesentaverunt,
701 3480 759 3545 ubi
779 3481 911 3546 volente
925 3483 999 3547 Deo
1022 3480 1220 3569 singularem
1242 3504 1315 3570 gra·

54 3610 94 3655 m
116 3587 204 3674 apud
224 3608 336 3672 regem
360 3595 392 3650 et
411 3586 559 3671 reginam
581 3586 785 3669 invenerunt,
807 3594 844 3650 ut
866 3586 985 3668 omnia,
1008 3607 1092 3672 quae
1112 3588 1308 3674 petiverunt,

54 3693 234 3773 studeant,
257 3697 353 3777 prout
373 3690 408 3753 in
431 3688 506 3754 libri
528 3688 587 3754 111.
611 3689 717 3776 capite
738 3689 763 3754 L
784 3689 888 3754 fusius
910 3689 1137 3757 declarabitur.

102 3794 177 3860 Hae
197 3795 296 3879 igitur
310 3792 547 3880 archiepiscopi
568 3801 601 3858 et
624 3793 838 3879 Pragensium
859 3794 998 3859 insidiae
1023 3796 1058 3860 in
1080 3794 1218 3860 nihilum
1240 3802 1315 3861 sunt

55 3920 205 3964 aversae.
236 3897 325 3961 Dum
348 3897 434 3961 enim
455 3919 516 3961 rex
537 3895 698 3963 Joaunem
720 3897 854 3962 Hlavvsa
876 3906 909 3963 et
929 3897 1060 3965 Schorff
1078 3899 1313 3985 conspexisset,

54 4003 161 4087 movit,
185 4022 206 4065 a
227 3998 450 4085 Pragensibus
473 4023 510 4065 se
531 3999 628 4066 valde
648 4001 748 4067 fuisse
771 4001 953 4089 deceptum,
974 4012 1071 4090 prout
1090 4005 1163 4091 ipse
1183 4004 1315 4070 andem

54 4129 125 4173 esus
147 4106 217 4172 hait.
252 4104 419 4170 Judicavit
441 4106 537 4187 enim,
560 4104 634 4171 illos
657 4127 729 4170 esse
752 4127 908 4192 personas
930 4106 1024 4189 viles,
1048 4109 1246 4192 temerarias,
1273 4109 1314 4174 de

54 4209 138 4276 tibus
160 4211 271 4275 variae
295 4230 405 4274 coram
429 4208 496 4274 Sua
515 4208 687 4295 Majeetate
709 4210 932 4275 accusationes
954 4211 1142 4298 propositae
1162 4213 1314 4300 fuerunt3

54 4314 78 4381 d
100 4313 180 4379 dum
199 4313 242 4380 ab
264 4312 316 4378 his
338 4322 371 4378 et
391 4311 464 4377 aliis
486 4313 593 4398 Praga
614 4312 716 4399 pulsis
737 4313 934 4399 rescivisset,
956 4314 1146 4382 recordatus
1167 4326 1218 4383 est
1239 4340 1314 4383 cum

54 4420 135 4509 gina
156 4417 336 4484 conthorali
358 4439 425 4499 sua,
449 4416 536 4504 quod
557 4417 638 4483 alias
668 4416 901 4485 antecedenter
934 4418 1079 4486 consiliis
1109 4422 1176 4486 suis
1207 4421 1316 4486 eidem

54 4525 117 4591 dds
137 4525 276 4613 proficui
296 4524 426 4603 fuerint,
450 4531 482 4587 et
503 4525 606 4590 multa
626 4522 713 4591 bona
734 4527 991 4613 procuraverint,
1014 4525 1154 4591 sollicite
1175 4546 1312 4612 perpen-

55 4630 262 4718 squamoso
285 4628 367 4695 haec
397 4627 463 4695 illis
497 4649 709 4717 compensare
741 4638 860 4715 posset,
894 4630 936 4696 ad
966 4650 1049 4716 quae
1071 4627 1157 4693 mala
1178 4637 1275 4693 antea
1295 4650 1316 4693 a

54 4733 242 4823 regentibus
265 4732 377 4801 dolose
397 4731 548 4803 inductus
569 4733 635 4804 illis
656 4731 827 4802 aterenda
849 4734 1027 4803 consensit.
1057 4729 1217 4801 tamem
1229 4739 1327 4815 poet.-
