2948 5040
1321 166 1380 237 -23

78 333 169 398 tione
190 329 304 419 debet3
327 335 450 422 siquis
473 342 578 401 autem
602 335 673 400 sine
700 332 1005 423 taliapprobatione
1020 339 1142 426 suscipi
1155 345 1370 429 attentaverit,

81 461 102 503 a
123 436 210 504 nullo
233 436 275 502 de
296 437 425 504 clericis
447 438 500 506 vol
522 438 660 505 statibus
680 440 866 526 recipiatur.

710 544 740 609 6.

167 641 266 730 Item;
300 644 386 730 quod
419 647 534 711 attinet
560 645 778 711 inordinatum
812 656 843 710 et
871 646 1112 713 inobedientem
1146 649 1278 736 olerum,
1323 654 1379 740 qui

77 756 178 831 juxta
198 747 351 814 mandata
372 747 643 815 administratoris
667 757 699 815 et
720 750 791 837 ejus
813 749 1074 816 consiliariorum
1105 774 1141 818 se
1164 752 1305 840 dirigere
1331 777 1381 821 re·

81 861 244 936 ousarent,
268 851 363 917 etad
386 854 456 941 ejus
479 853 665 918 citationem
688 874 875 939 comparere
897 853 1031 937 nollent,
1053 854 1153 922 alium
1174 880 1234 945 pro
1266 858 1377 945 defen·

78 978 157 1022 sore
178 956 348 1040 habentes,
370 978 507 1025 necesse
542 966 600 1034 est,
634 971 670 1022 ut
692 978 804 1022 omnes
827 965 929 1022 status
952 980 1050 1046 super
1082 959 1163 1026 baec
1186 960 1377 1044 deliberent,

78 1060 242 1149 quomodo
263 1060 342 1127 huic
364 1062 588 1129 contravenire
611 1059 738 1127 debeat

500 1252 560 1317 De
581 1252 952 1319 Praedicatione.

167 1453 268 1542 Item3
291 1457 379 1544 quod
401 1458 677 1545 praedicationem
698 1460 792 1526 verbi
814 1459 918 1527 divini
940 1460 1064 1542 attinet,
1085 1458 1122 1522 in
1144 1478 1204 1523 sua
1226 1450 1380 1544 puritate,

84 1557 245 1644 claritate,
266 1562 478 1648 proprietate,
509 1571 542 1629 ct
570 1586 668 1631 sensu
690 1563 812 1630 Christi
839 1564 974 1630 Domini
1007 1562 1078 1626 sine
1101 1561 1304 1649 expositione
1326 1578 1377 1624 su·

85 1662 215 1751 perflua
235 1664 442 1752 praedicetur
463 1675 496 1732 et
524 1666 698 1754 doceatur;
725 1678 758 1734 et
788 1671 824 1734 in
855 1667 890 1733 ill
898 1668 928 1732 is
960 1665 1134 1732 edoceatur
1164 1663 1314 1752 populus,
1342 1663 1379 1728 in

78 1767 147 1834 fide
178 1789 259 1835 vera
293 1767 427 1854 christi,
457 1793 515 1859 spe
544 1780 578 1837 et
608 1772 764 1839 charitate
793 1781 827 1837 et
857 1773 893 1836 in
925 1769 999 1836 aliis
1027 1766 1323 1845 fundamentalibus
1346 1774 1379 1832 et

86 1871 242 1939 salvificis
276 1873 482 1960 dogmatibus
511 1877 698 1959 instruatur,
732 1885 766 1941 et
796 1875 838 1941 ad
869 1874 1079 1940 christianam
1115 1872 1374 1938 communionem

87 1975 234 2060 ducatur,
258 1977 317 2042 sed
338 1977 634 2066 praedicationibus
657 1981 801 2045 erroneis
823 1986 859 2042 ut
880 1976 987 2042 nullus
1009 1984 1126 2041 utatur.

173 2201 273 2287 Item;
306 2203 392 2291 quod
422 2211 607 2270 sanctorum
637 2202 815 2286 doctorum,
846 2210 879 2268 ct
907 2201 1046 2267 aliorum
1077 2198 1245 2265 hominum
1279 2197 1380 2286 scrip·

46 2304 49 2309 ’
84 2314 174 2372 turas
195 2309 321 2390 attinet,
359 2330 443 2396 quae
469 2309 711 2374 firmamentum
739 2308 868 2374 firmum
902 2315 936 2371 et
964 2304 1210 2372 frmdamentum
1241 2302 1276 2368 in
1306 2298 1381 2388 lege

82 2409 197 2476 divina
217 2432 284 2478 non
307 2411 439 2497 habent,
461 2413 614 2495 vitentur,
649 2412 707 2479 sed
742 2434 922 2501 quaecum
952 2410 1064 2477 divina
1092 2408 1166 2494 lege
1188 2413 1220 2472 et
1253 2412 1381 2495 aposto·

84 2511 191 2579 lorum
221 2513 427 2601 dogmatibus
461 2516 673 2599 concordant,
700 2516 922 2597 admittantur,
965 2515 1049 2580 sicut
1070 2520 1104 2578 et
1123 2509 1383 2601 praedicationes

81 2617 231 2704 magistri
252 2617 390 2684 Joannie
412 2615 494 2703 Hus,
527 2619 717 2708 Rokycnani
739 2629 773 2686 et
794 2620 942 2702 aliorum,
966 2621 1002 2685 in
1023 2625 1179 2706 quantum
1210 2637 1285 2682 cum
1306 2614 1380 2702 lege

76 2721 194 2790 divina
215 2721 423 2789 concordant
705 2800 708 2805 ,

161 2929 266 3017 Item;
290 2931 473 3019 quicunque
496 2954 623 2999 sacrum
646 2915 852 3018 evangelibm
871 2933 972 3019 sequi,
1009 2932 1133 3020 atejus
1156 2953 1235 2999 vero
1251 2940 1283 2997 et
1296 2950 1377 3018 puro

79 3058 181 3102 sensu
201 3037 259 3119 uti,
283 3037 353 3102 sine
375 3038 477 3103 variis
498 3035 720 3102 additionibus
742 3037 910 3103 hominum
931 3033 1104 3118 voluerint,
1127 3035 1209 3103 tales
1244 3058 1310 3101 non
1332 3035 1380 3101 ri·

80 3148 282 3227 mperentur,
304 3162 367 3206 nec
388 3139 430 3206 de
451 3140 578 3206 haeresi
600 3149 787 3226 arguantur,
818 3141 902 3207 sicut
924 3150 956 3206 et
989 3138 1174 3222 debiliores,
1216 3139 1272 3227 qui
1306 3160 1381 3204 con·

77 3246 262 3312 stitutiones
307 3254 340 3310 et
379 3245 628 3311 consuetudines
661 3246 828 3312 hominum
859 3246 972 3324 secuti,
1011 3243 1142 3310 eaedem
1175 3251 1241 3309 tam
1281 3242 1379 3327 facile

78 3349 265 3437 relinquere
296 3348 431 3432 nollent,
463 3351 586 3437 pariter
613 3372 678 3416 non
700 3352 932 3437 vituperentur,
968 3349 1028 3414 sed
1049 3348 1186 3437 pacifice
1207 3351 1242 3416 in
1275 3348 1379 3414 cbari-

80 3464 147 3521 tate
171 3453 348 3520 christiana
369 3475 428 3542 per
449 3454 620 3520 lectionem
655 3455 864 3520 christianam
886 3453 1005 3520 abinde
1028 3461 1214 3520 avertentur
1251 3460 1283 3517 et
1312 3466 1381 3518 tor·

78 3561 226 3646 rigantur
251 3566 284 3623 et
314 3559 516 3625 seinvicem
558 3559 705 3642 tolerent,
729 3559 834 3627 donec
860 3560 957 3626 etiam
991 3557 1165 3624 debiliores
1192 3556 1235 3624 ad
1256 3556 1380 3644 perfec·

80 3666 198 3730 tiorcm
220 3663 420 3749 agnitionem
443 3663 638 3750 pertingant

167 3867 271 3953 Item3
295 3890 369 3935 cum
390 3890 471 3936 vera
490 3869 572 3935 fides
599 3869 774 3936 christiana
812 3892 872 3958 per
903 3871 1096 3959 scripturam
1128 3892 1253 3937 sacram
1274 3868 1383 3958 scqui-

79 3983 180 4056 ratur,
226 3982 422 4062 quapropter
443 3973 581 4062 quilibet
610 3975 806 4041 christianus
841 3984 956 4063 potest,
990 3977 1056 4042 imo
1087 3974 1186 4043 debet
1213 3974 1320 4061 legem
1350 3982 1383 4039 et

80 4078 276 4166 scripturam
309 4099 433 4144 sacram
467 4077 590 4145 Christi
624 4088 658 4145 et
691 4079 909 4167 apostolorum
938 4079 1049 4168 legere
1081 4090 1114 4147 et
1134 4078 1316 4167 intelligere
1349 4086 1381 4144 ct

85 4183 142 4272 qui
163 4202 313 4264 uxorem,
335 4180 457 4248 liberos
479 4191 512 4248 et
532 4181 631 4247 eliam
662 4182 818 4250 familiam
851 4204 942 4251 suam
973 4184 1081 4268 babet,
1115 4186 1214 4252 etiam
1243 4182 1376 4249 eosdem

83 4284 232 4351 adhaec
255 4283 419 4368 inducere,
443 4293 476 4350 et
497 4286 669 4352 instruere.

167 4491 271 4577 Item3
306 4514 380 4558 cum
420 4492 589 4559 eluistiani
631 4390 756 4560 domitii
787 4505 819 4560 ct
851 4494 1028 4562 directores
1058 4493 1241 4561 saeculares
1293 4503 1381 4561 tene·

80 4605 177 4665 anim
199 4597 385 4679 subvenire,
407 4606 443 4662 ut
465 4596 520 4662 lex
543 4597 655 4664 divina
676 4609 883 4688 propagetur,
918 4599 1070 4690 quocirca
1099 4600 1284 4687 quicunque
1310 4619 1381 4662 rer-

82 4702 160 4771 bum
182 4702 248 4768 Dei
276 4701 417 4769 fideliter
449 4707 481 4766 et
513 4699 625 4768 sedule
648 4702 816 4795 explicant
850 4714 885 4772 et
913 4704 1052 4787 docent,
1070 4702 1203 4769 borum
1225 4693 1423 4782 quemme
