2948 5040
1321 152 1369 233 tlt

68 336 124 395 tra
148 327 213 395 hoc
235 322 378 394 edictum
401 327 526 414 egerit,
563 324 786 417 sategerint,
821 350 842 397 a
873 328 1006 397 consule
1028 339 1062 396 et
1089 341 1203 400 senatu
1234 333 1364 403 realiter

68 437 259 526 punientur.
292 432 389 514 Quod
411 442 519 499 autem
542 434 667 501 elerum
689 436 866 520 concernit,
890 437 946 524 qui
967 436 1043 503 huic
1065 434 1261 503 ordinationi
1283 458 1362 505 con·

68 539 259 621 travenerit‚
284 538 380 603 etiam
402 539 564 625 punietur,
587 547 620 605 et
641 540 669 605 si
691 549 765 627 post
786 539 872 605 banc
893 541 1097 627 punitionem
1128 563 1163 608 se
1185 541 1360 611 emendare

69 641 224 718 noluerit,
248 650 280 707 et
299 640 483 730 petulanter
502 643 538 708 in
561 663 618 709 suo
640 645 920 731 perseveraverit,
944 643 1018 710 talis
1041 645 1094 712 vel
1116 645 1199 711 tales
1221 644 1263 711 de
1286 646 1364 711 civi·

69 757 138 815 tate
161 746 300 836 relegari
322 743 451 814 debent

607 952 757 1019 OAPUT
781 954 832 1021 13.

70 1099 121 1158 De
144 1097 327 1177 quibusdam
356 1098 473 1159 clericis
506 1099 698 1173 christianis,
727 1099 817 1177 quale
849 1098 994 1176 scriptum
1021 1100 1147 1174 consuli,
1176 1084 1292 1163 senatui
1324 1110 1355 1163 at

228 1182 284 1243 toti
305 1185 510 1245 communitati
534 1184 734 1263 porrexerint,
756 1193 785 1244 et
807 1186 846 1245 de
868 1205 969 1246 eorum
1002 1186 1212 1265 negotiatione

156 1386 223 1451 Die
250 1389 362 1452 martis
396 1396 470 1475 post
501 1386 618 1453 festum
641 1387 863 1452 sanctissimae
886 1386 1069 1469 Trinitatis,
1103 1410 1220 1478 nempe
1249 1390 1356 1478 pridie

65 1490 143 1557 festi
166 1490 202 1558 S.
223 1490 350 1557 Urbani
372 1491 482 1580 (1524,
492 1493 544 1559 24.
553 1490 647 1579 Maji)
659 1490 805 1578 ejusdem
828 1491 905 1555 anni
917 1500 1115 1578 congregata
1130 1496 1360 1562 communitate

63 1597 98 1661 in
121 1596 214 1661 curia
226 1596 385 1683 Pragensi
413 1597 565 1663 sacerdos
591 1595 748 1661 Martinus
761 1617 804 1661 ox
812 1593 1014 1678 Bethlehem,
1024 1605 1137 1662 contra
1147 1619 1243 1684 quem
1256 1597 1361 1667 bomi-

66 1720 126 1765 nes
149 1698 284 1787 plurimi
306 1700 449 1766 maxime
472 1698 764 1783 tumultuabantur,
796 1697 949 1765 sacerdos
972 1698 1133 1785 Georgica
1164 1698 1357 1771 Ssmakala

70 1810 184 1869 sancto
205 1800 961 1887 Henrieo,sacerdoswenceslausssrniriek,et
974 1800 1030 1866 alii
1043 1801 1085 1867 de
1107 1801 1195 1869 clero
1217 1806 1364 1873 societati

68 1904 177 1974 bonae
215 1904 430 1973 adhaerentes
456 1909 554 1995 juxta
576 1906 683 1993 legem
704 1906 788 1987 Dei,
822 1906 980 1970 miserunt
1011 1906 1192 1971 incuriam
1224 1908 1267 1974 ad
1289 1933 1363 1977 con·

67 2031 228 2096 gressum,
251 2033 444 2098 responsum
466 2010 646 2076 ultimatum
663 2009 777 2075 dantes
801 2030 899 2096 super
921 2007 1062 2074 edictum
1085 2008 1207 2075 editum
1231 2021 1263 2077 et
1290 2016 1360 2102 ejus

66 2115 325 2202 propositionem
348 2137 391 2180 ex
413 2115 475 2181 hac
497 2136 612 2197 causa,
646 2115 722 2201 quia
744 2112 837 2178 multi
867 2111 909 2175 de
930 2110 996 2176 illis
1028 2109 1109 2177 falso
1147 2115 1357 2203 scripserunt,

66 2226 99 2283 et
120 2217 222 2284 locuti
246 2228 321 2286 sunt
343 2219 525 2302 mendacia,
549 2218 635 2306 quod
658 2216 798 2304 relegari
811 2225 844 2281 et
865 2213 1052 2280 decivitate
1067 2215 1188 2303 expelli
1204 2217 1357 2306 debeant,

66 2330 201 2410 propter
223 2343 360 2389 erronea
381 2322 543 2410 dogmata,
567 2320 713 2389 volentes
736 2344 800 2388 non
825 2319 929 2386 solum
940 2318 1121 2397 veritatem,
1145 2343 1242 2408 quam
1264 2347 1361 2411 prae-

68 2423 262 2491 dicaverunt
284 2448 328 2491 ex
349 2426 512 2514 scriptura
533 2448 640 2509 sacra,
663 2424 816 2491 fidelibus
838 2423 1038 2506 deformare,
1060 2445 1174 2491 verum
1207 2429 1304 2497 etiam
1326 2433 1362 2498 in

65 2538 288 2617 contemptum
310 2529 402 2597 urbis
424 2531 598 2617 Pragensis
622 2540 654 2595 et
669 2528 934 2595 confortationem
958 2527 1123 2593 variorum
1142 2529 1361 2603 Anti-Christi

65 2655 211 2698 errorum
255 2642 288 2699 et
309 2634 531 2699 seductionem
553 2657 573 2699 a
594 2634 668 2699 Dec
698 2641 731 2698 et
751 2632 888 2698 veritate
918 2631 1006 2717 ejus,
1043 2629 1210 2700 hominum
1237 2639 1360 2728 simpli-

63 2739 150 2802 cium
182 2737 393 2825 scripserunt.
438 2737 645 2827 Quapropter
665 2736 745 2803 mihi
757 2785 766 2820 ,
799 2736 939 2823 injuriae
961 2737 1195 2823 contemptori,
1220 2762 1360 2830 aequum

65 2862 139 2907 esse
163 2840 351 2925 videbatur,
374 2864 488 2908 causas
513 2864 623 2907 eorum
645 2850 719 2931 post
740 2863 805 2906 non
826 2838 945 2905 multos
969 2837 1038 2903 dies
1052 2838 1160 2925 Praga
1183 2841 1358 2931 discessus,

63 2943 217 3011 omnibus
240 2946 467 3027 manifestare,
491 2968 574 3033 quac
597 2955 672 3011 sunt
695 2952 889 3032 sequentes;
921 2941 1028 3007 clerus
1051 2963 1161 3009 coram
1183 2954 1250 3013 tota
1272 2972 1359 3017 com-

62 3049 225 3114 munitate
247 3048 407 3137 Pragensi
430 3050 616 3131 intimavit,
649 3057 684 3114 ut
714 3048 772 3115 has
795 3069 910 3114 causas
932 3058 1104 3115 noscentes
1127 3050 1256 3117 veritati
1279 3053 1356 3140 Dei,

61 3151 184 3217 stillis
206 3174 272 3216 non
296 3152 520 3219 contradicant
543 3161 575 3218 et
595 3152 715 3216 famam
737 3173 803 3217 non
827 3150 1007 3217 detrahant.

148 3256 292 3321 Domino
316 3256 448 3339 consul,
473 3267 505 3320 et
527 3256 651 3320 domini
674 3265 860 3337 senatores,
899 3254 1022 3320 domini
1040 3256 1189 3342 judices,
1227 3257 1351 3327 domini

60 3360 217 3442 seniores,
242 3369 274 3425 et
296 3369 364 3426 tota
386 3361 609 3426 communitas.
649 3358 739 3425 Sicut
760 3357 891 3424 domino
914 3356 1049 3440 consuli,
1074 3367 1106 3425 et
1117 3358 1257 3427 dominis
1279 3362 1353 3429 reli-

62 3464 137 3550 quis
166 3472 279 3529 notum
301 3464 448 3546 fecimus,
472 3462 558 3551 quod
581 3462 688 3528 abitus
710 3471 907 3527 nosternon
940 3461 997 3527 fiat
1031 3485 1073 3528 ex
1096 3464 1266 3552 superbia,
1291 3490 1353 3534 nec

59 3589 103 3633 ex
126 3569 320 3655 pertinacia,
345 3568 403 3633 sed
426 3591 468 3633 ex
492 3569 589 3634 certis
614 3566 687 3632 aliis
709 3568 835 3649 causis,
857 3558 916 3631 ¹ita
949 3567 1045 3633 etiam
1069 3568 1248 3635 universim
1269 3573 1352 3637 noti·

59 3671 196 3737 ficamus
240 3695 354 3738 causas
401 3673 553 3754 easdem,
594 3694 674 3759 quas
710 3671 938 3737 antecedenter
970 3670 1192 3758 allegavimus.
1235 3674 1356 3758 Primo,

58 3774 147 3863 quod
171 3774 312 3841 edictum
346 3799 407 3842 noc
429 3799 449 3841 a
471 3775 577 3850 vobis,
603 3777 733 3842 domine
757 3776 880 3857 consul,
910 3762 1038 3841 ¹domini
1059 3778 1256 3861 venerandi,
1291 3803 1357 3849 una

58 3900 134 3945 cum
157 3878 298 3944 dominis
311 3877 504 3967 quibusdam
522 3880 715 3963 senioribus,
746 3877 994 3967 promulgatum,
1012 3880 1107 3946 nobis
1122 3882 1163 3946 sit
1185 3904 1357 3951 onerosum

63 3992 96 4048 ct
117 3982 335 4066 intolerabile,
359 3993 392 4049 et
413 3984 476 4050 hoc
501 3984 632 4072 quidem
660 3983 745 4066 ideo,
781 3984 857 4070 quia
880 3992 929 4047 ost
951 3993 1062 4049 contra
1082 3986 1208 4071 Deum,
1245 3998 1357 4057 contra

57 4088 293 4154 conscientiam
316 4099 460 4156 nostram
485 4099 517 4155 et
539 4099 652 4155 contra
677 4087 796 4153 bonam
819 4086 1024 4152 concordiam
1055 4098 1087 4153 et
1107 4111 1222 4176 pacem
1256 4094 1354 4159 totius

56 4193 300 4257 communitatis
329 4194 435 4282 hujus.
481 4192 605 4259 Contra
627 4192 733 4256 Deum
769 4200 835 4265 est,
878 4212 952 4256 nam
977 4193 1156 4280 scripturae
1188 4217 1300 4262 sacrae
1323 4208 1356 4264 et

55 4294 204 4362 articulis
227 4297 261 4360 in
285 4299 423 4363 comitiis
448 4298 611 4364 conclusis
636 4298 818 4362 immiscere
830 4295 955 4381 dignati
978 4297 1084 4362 fuistis
1100 4300 1251 4387 antiquas
1274 4324 1351 4368 oon·

55 4396 248 4465 suetudines
290 4409 323 4466 et
343 4403 441 4483 ritus,
475 4424 610 4490 quorum
632 4401 725 4466 multi
752 4409 826 4465 sunt
848 4408 960 4465 contra
981 4400 1177 4468 voluntatem
1210 4413 1242 4468 et
1270 4406 1354 4472 ordi·

53 4503 222 4567 nationem
250 4502 325 4587 Dei,
349 4506 435 4593 quod
457 4506 563 4590 facile,
587 4507 614 4571 si
630 4505 737 4571 bacin
758 4527 794 4570 re
816 4504 1011 4585 audiremur,
1035 4506 1119 4572 sicut
1143 4509 1271 4595 saepius
1293 4531 1352 4596 pe·

55 4608 212 4688 tivimus,
236 4607 373 4694 exlege
397 4608 508 4675 divina
530 4608 668 4698 probare
691 4631 869 4696 possemus.

152 4706 217 4775 Est
238 4712 335 4778 etiam
358 4721 471 4778 contra
494 4714 727 4778 conscientiam
750 4722 920 4801 nostram,
950 4734 1031 4779 nam
1061 4735 1127 4779 nos
1150 4724 1267 4779 sonna
1285 4713 1373 4774 anis-
