2948 5040
1280 145 1351 220 10⁶

57 343 258 416 praegressa
280 322 479 393 annihilavit
500 325 543 393 ad
564 324 664 392 finem
686 345 806 391 musae
828 330 863 390 et
883 323 1020 390 actionis
1041 342 1154 409 usque.
1188 308 1355 412 Exemplo
1447 383 1451 391 ,

56 431 149 516 regis
181 426 351 511 Aschveri,
389 431 446 514 qui
478 430 555 495 dum
576 429 815 496 Mardochaeus
850 450 924 492 cum
947 427 1098 494 omnibus
1121 428 1194 494 aliis
1217 428 1353 496 Judaeis

56 538 127 624 jam
150 533 249 597 nimis
271 531 313 598 ab
336 533 508 599 ambitioso
531 533 638 600 Aman
662 542 694 600 et
713 532 798 599 falsa
820 531 967 621 ejusdem
989 532 1152 602 delatione
1179 544 1350 602 accusatus

65 647 97 704 et
120 659 240 703 exosus
263 635 368 701 factus
389 635 514 720 finisset,
537 637 778 725 adpetitionem
799 635 1038 704 fraudulentam
1060 640 1103 706 ab
1126 641 1234 707 Aman
1256 663 1354 730 saepe

59 743 234 830 repetitam
256 760 316 829 per
337 739 448 806 literas
472 763 546 805 suas
571 741 712 812 edictum
735 764 793 807 seu
813 741 1001 809 mandatum
1024 742 1128 808 edidit
1148 766 1208 832 per
1230 766 1343 810 omnes

58 849 213 934 regiones
231 868 315 928 suas,
339 854 375 909 ut
408 845 462 910 die
484 845 701 911 determinata
723 868 835 911 omnes
856 846 978 913 Judaei
1000 847 1060 914 sub
1089 849 1250 934 regimine
1281 850 1351 938 ejus

61 953 241 1018 existentes
263 947 482 1034 trucidenturJ
512 949 589 1014 dum
611 971 688 1014 vero
712 950 842 1015 tandem
865 973 926 1016 rex
948 942 1161 1038 dispositione
1183 953 1248 1018 Dei
1267 953 1353 1019 frau-

60 1058 137 1121 dem
161 1063 207 1120 et'
223 1053 396 1118 falsitatem
417 1055 488 1141 ejus
511 1053 619 1119 Aman
643 1055 702 1120 sub
732 1054 805 1121 velo
828 1053 994 1121 fidelitatis
1026 1079 1098 1122 esse
1132 1044 1349 1148 cognovisset,

54 1161 177 1249 ‘literas
201 1158 281 1222 alias
306 1179 436 1223 severas
465 1181 657 1245 peromnes
680 1159 819 1225 ditiones
843 1159 1035 1245 divulgavit,
1066 1169 1103 1226 ut
1124 1162 1222 1227 latius
1246 1163 1347 1249 scrip·

60 1274 130 1330 tum
161 1263 327 1335 ,invenitur
359 1263 393 1326 in
415 1261 497 1327 libro
519 1263 641 1328 Esther
662 1287 732 1352 cap.
758 1266 818 1348 16,
852 1263 970 1350 quibus
991 1264 1094 1330 literis
1117 1265 1353 1352 posterioribus

60 1369 189 1462 priores
222 1366 405 1432 annihilans
427 1370 602 1452 revocavit,
626 1373 827 1435 econtrario
850 1367 1019 1452 mandans,
1042 1379 1079 1434 ιιι
1098 1370 1217 1436 Judaei
1239 1392 1352 1435 omnes

38 1556 42 1567 Ι
62 1480 310 1555 conserventur,
340 1472 464 1537 inimici
479 1495 558 1538 vero
577 1473 718 1557 illorum,
741 1476 796 1560 qui
818 1472 970 1539 ‚Iudaeos
984 1473 1134 1557 occidere
1152 1474 1354 1558 debuissent,

64 1581 141 1645 vice
163 1598 261 1643 versa
282 1575 470 1641 occidantur
491 1577 548 1641 illa
566 1576 619 1641 die
642 1578 698 1642 det
685 1580 866 1660 terminata,
903 1577 1011 1642 Aman
1033 1600 1112 1644 vero
1134 1576 1247 1644 inille
1269 1577 1351 1664 pati·

64 1682 145 1749 bulo
170 1702 346 1769 suspensus
368 1680 428 1744 ιιιιι
416 1681 549 1768 t,quod
570 1680 786 1759 Mardochaeo
793 1691 1071 1771 praeparaverat.

152 1786 234 1867 Quia
256 1807 322 1850 non
345 1795 528 1872 cognoscet,
552 1785 638 1871 qu'od
663 1785 816 1884 edictum
825 1787 907 1852 illud
930 1787 1057 1873 regium
1078 1788 1133 1853 via
1144 1760 1264 1875 judicii
1287 1786 1356 1853 edi·
1392 1796 1395 1801 '

62 1905 131 1962 tum
138 1893 262 1981 ιιιιιιι,
296 1895 325 1959 si
348 1895 435 1961 enim
464 1895 533 1960 hoc
560 1895 755 1979 teretium
787 1896 858 1980 regi
880 1916 954 1959 cum
978 1892 1125 1981 ejusdem
1152 1892 1355 1960 consiliariis

59 2025 124 2069 nec
148 2007 335 2088 competens
357 2022 419 2063 nec
440 1998 598 2086 possibile
620 1999 704 2070 foret
725 1999 815 2064 aliud
847 1998 1113 2080 mandatum,e
1141 2019 1200 2083 pro
1228 1988 1355 2084 judicio

59 2107 181 2188 futuro,
211 2112 244 2168 ιι
264 2125 323 2189 pro
345 2103 443 2168 rebus
466 2103 539 2167 aliis
563 2125 758 2168 consensum
780 2102 890 2186 dandi,
913 2112 1042 2188 praeter
1063 2101 1157 2185 haec,
1180 2102 1352 2188 quaejam

60 2212 157 2299 prius
176 2209 210 2274 vi
226 2207 346 2295 judicii
369 2207 596 2294 praecedentis
620 2207 773 2272 conclusa
805 2217 888 2272 sunt
926 2205 1132 2294 Quapropter
1166 2207 1264 2271 etiam
1293 2204 1356 2270 hoc

67 2315 159 2380 clare
184 2311 419 2378 demonstratur
451 2313 485 2375 in
508 2310 611 2376 literis
640 2313 752 2398 regiis,
786 2333 868 2399 quae
902 2311 1113 2391 inveniuntur
1142 2310 1177 2374 in
1208 2310 1357 2397 sequenti

66 2425 161 2507 parte
181 2418 285 2498 tertia,
309 2415 398 2504 quod
418 2439 479 2480 rex
502 2439 573 2481 cum
598 2417 791 2505 consiliariis
815 2417 881 2481 suis
903 2415 989 2481 male
1012 2424 1045 2480 et
1065 2414 1147 2499 ¹false
1161 2413 1354 2491 informatus

62 2523 169 2588 fuerit
188 2520 322 2607 abillis,
346 2522 401 2608 qui
424 2521 543 2608 injuste
567 2508 679 2587 exules
700 2530 944 2588 accusaverunt.
967 2520 1068 2585 Ριοιιι
1089 2518 1357 2606 archiepiscopus

63 2600 326 2712 Ostrigoniensis
367 2626 490 2713 primus
524 2626 739 2713 Pragensium
773 2624 856 2690 illud
893 2624 999 2690 silent'
978 2636 1022 2691 tro
1056 2646 1122 2689 non
1158 2625 1357 2710 praeterivit,

64 2735 259 2831 praesertim
283 2733 361 2798 dum
382 2733 421 2797 lit
409 2744 493 2803 teras
515 2730 791 2797 fraudulentast
759 2752 776 2795 e
778 2729 1034 2818 timprobabiles
1050 2752 1116 2794 non
1127 2736 1253 2793 tantum
1275 2729 1356 2814 regi,

63 2839 322 2926 archiepiscopo,
353 2837 460 2924 legato
482 2858 595 2924 papae,
628 2835 686 2900 sed
708 2845 740 2899 et
761 2835 869 2900 multis
900 2833 973 2898 aliis
995 2812 1161 2910 miserunt,
1192 2831 1358 2899 firmantes

64 2967 156 3010 suam
180 2943 222 3007 de
244 2942 337 3007 his
329 2953 510 3007 incarcerat
513 2943 540 3005 is
563 2940 719 3028 divulgat
711 2962 828 3007 ionem.
861 2939 1035 3004 Praeterea
1068 2939 1166 3003 etiam
1199 2936 1358 3023 quaedam

64 3046 251 3116 testimonia
284 3047 403 3134 scripta
437 3050 567 3112 omnino
601 3044 683 3110 falsa
706 3043 832 3113 occulte
854 3045 1022 3125 miserunt,
1057 3064 1140 3129 quae
1164 3044 1277 3109 exules
1308 3045 1385 3111 illi'

63 3174 234 3242 nunquam
256 3152 408 3218 viderunt
430 3174 490 3216 nec
513 3150 726 3233 audiverunt;
758 3170 833 3212 nam
856 3158 929 3234 post
962 3147 1043 3212 tales
1076 3146 1186 3212 literas
1218 3150 1290 3236 regi
1322 3157 1355 3215 et

65 3257 177 3323 multis
211 3256 294 3333 aliis,
331 3256 366 3319 in
399 3265 465 3320 tam
488 3255 594 3320 subita
626 3253 884 3341 praecipitantia,
923 3250 1165 3343 considerantes
1199 3275 1358 3338 personas

66 3370 232 3448 utrasque,
265 3361 424 3448 apparuit,
461 3357 547 3446 quod
579 3357 695 3444 majori
726 3378 768 3420 ex
796 3364 888 3443 parte
917 3357 959 3420 sit
991 3364 1082 3421 recta
1112 3355 1232 3420 veritas
1262 3356 1358 3445 hujus

66 3467 175 3533 exorti
196 3465 345 3551 rumoris.
619 3476 623 3483 '

530 3753 627 3808 unus
644 3753 747 3807 LIBRI
763 3754 877 3810 PRIMI.
