2948 5040
72 206 76 215 2
134 175 200 244 216

134 369 226 417 orem
240 343 339 413 fidem
352 341 463 425 babet,
487 360 584 429 quam
606 340 682 408 vos!
704 340 749 423 Et
769 341 845 409 dum
855 342 1026 411 Nicolaum
1040 343 1207 433 ligassent,
1226 347 1429 417 consonabat

127 453 220 537 illurn
257 447 355 541 Olara
383 447 466 511 sicut
499 453 604 530 antea,
637 453 673 511 ut
693 454 829 514 mortem
858 470 923 515 non
953 450 1074 534 timeat,
1096 457 1170 535 aneo,
1197 451 1338 536 horreat,
1372 455 1428 521 sed

126 543 279 625 constans
300 555 492 642 permaneat
513 558 547 616 et
568 550 653 616 mori
674 559 807 638 paratus
831 553 873 618 sit
895 574 955 639 pro
981 551 1112 633 Christo
1135 553 1228 642 desu,
1263 556 1354 645 quod
1376 558 1430 625 diu

124 683 190 731 non
211 656 383 738 durabunt,
407 662 440 720 ct
460 653 571 742 passio
604 652 687 721 haec
720 655 893 723 assimilari
924 678 991 722 non
1012 660 1119 747 possit
1149 662 1265 727 merito
1300 662 1428 730 futurae

122 767 260 863 gloriae.
304 760 366 825 His
389 757 486 823 dictis
509 755 600 823 illam
634 758 796 825 etiamad
828 782 963 848 rogum·
959 757 1139 847 ¹duxerunt
1160 774 1200 836 ιι
1227 765 1424 852 ligaverunt,

120 893 218 961 quam
240 858 348 933 denuo
358 834 520 928 Nicolaus
542 861 741 930 admonebat
762 863 896 930 dicens·
920 865 988 932 Ora
1017 877 1113 961 prout
1142 890 1211 955 ego.
1245 870 1424 959 Respondit

120 977 198 1044 illa:
222 967 392 1055 Quomodo
417 987 511 1033 orare
533 987 677 1053 possum,
711 969 788 1035 dum
810 993 862 1036 me
884 980 950 1037 tam
974 971 1101 1038 fortiter
1122 973 1371 1069 colligaverunt,
1395 983 1426 1041 ut

120 1083 222 1161 ferme
243 1075 325 1159 mibi
346 1072 459 1141 ambas
490 1092 606 1136 manus
639 1075 805 1164 fregerint,
839 1099 913 1141 cum
947 1099 1007 1161 ego
1040 1087 1076 1143 ut
1105 1077 1256 1155 foemina,
1284 1101 1353 1144 non
1384 1080 1427 1145 ita

120 1195 218 1276 prout
238 1185 290 1253 vir
313 1183 394 1249 haec
416 1178 551 1244 sufferre
573 1180 706 1268 possim,
730 1191 762 1246 et
783 1190 820 1247 ut
841 1203 952 1247 omnes
975 1182 1089 1265 sciant,
1113 1182 1199 1271 quod
1221 1183 1280 1248 illa
1303 1207 1426 1250 seam
1357 1185 1426 1272 jam

120 1292 263 1383 Domino
286 1290 359 1355 Deo
382 1283 671 1385 commendaverit,
707 1285 892 1351 stillum
882 1308 916 1351 ru
949 1296 1058 1352 mente
1082 1294 1114 1352 et
1136 1286 1247 1354 corde
1266 1288 1363 1374 gerat
1394 1299 1425 1355 et

120 1374 251 1479 adoret,
266 1416 305 1460 ac
327 1393 464 1467 adorare
494 1415 561 1459 non
593 1390 729 1456 desinet.
774 1389 836 1455 His
858 1388 965 1469 dictis,
999 1389 1074 1465 dum
1108 1412 1222 1497 rogum
1252 1386 1332 1457 cuni
1358 1392 1423 1458 illis

121 1484 298 1567 incendere
320 1497 510 1581 voluissent,
533 1496 769 1563 admonuerunt
781 1493 920 1578 Claram,
945 1503 979 1560 ut
1000 1510 1116 1560 sonora
1130 1517 1212 1561 voce
1234 1505 1314 1562 oret.
1345 1497 1422 1562 Res-

120 1596 236 1692 pendit
257 1601 433 1668 Nicolaus:
457 1625 498 1668 ne
521 1601 611 1667 illam
634 1599 821 1688 impediant,
844 1600 933 1665 illam
956 1607 1044 1664 certe
1067 1600 1101 1663 in
1124 1607 1231 1665 mente
1214 1622 1360 1684 eorare,
1394 1609 1426 1669 et

123 1706 210 1793 quod
233 1706 328 1772 ambo
342 1705 426 1772 bene
449 1707 563 1790 sciant,
587 1705 664 1794 quid
687 1726 785 1791 agere
797 1704 945 1770 debeant
967 1703 1098 1769 Deinde
1113 1703 1425 1771 carnifices-multos

122 1811 224 1879 libros
248 1810 378 1876 Nicolai
409 1809 458 1875 illi
492 1811 726 1898 imposuerunt,
749 1819 784 1874 ut
807 1832 880 1875 cum
904 1808 1017 1876 eodem
1040 1809 1278 1875 comburantur.
1321 1810 1422 1877 Nico-

124 1914 196 1981 laus
219 1937 296 1982 vero
320 1914 516 1981 exclamavit
537 1936 619 1981 voce
640 1935 762 2000 magna
781 1913 914 1979 dicens:
937 1912 1078 1979 Domine
1101 1913 1213 1979 Deus!
1240 1914 1274 1978 iu
1307 1922 1424 1985 manus

123 2029 195 2087 tuas
217 2018 408 2085 commendo
431 2020 572 2087 animam
595 2041 723 2103 meam;
746 2040 872 2107 precor,
908 2040 949 2084 ne
983 2039 1036 2083 me
1058 2017 1092 2082 in
1113 2017 1176 2083 hac
1195 2016 1311 2084 ultima
1345 2020 1424 2101 hora

24 2105 28 2115 ¹
124 2125 322 2223 deseras,et
310 2123 546 2190 titaulterius
570 2122 676 2188 oravit
699 2123 768 2187 sine
791 2123 1040 2188 intermissione.
1085 2122 1129 2189 Et
1150 2121 1226 2188 dum
1250 2123 1422 2201 carnifices

123 2253 255 2317 rogum
273 2227 494 2310 incenderent,
529 2235 573 2291 et·
589 2249 630 2291 an
632 2235 761 2313 tequam
791 2226 940 2291 flammae
950 2233 1236 2313 propagarentur,
1264 2227 1422 2295 Nicolaus

122 2334 284 2422 psalmum
311 2333 462 2399 recitavit
483 2331 570 2396 clara
592 2353 683 2414 voce,
718 2330 804 2419 quod
827 2352 938 2395 omnes
976 2331 1221 2396 circumstantes
1245 2353 1319 2397 eum
1344 2355 1421 2422 per·

124 2439 233 2525 cipere
255 2438 429 2524 potuerint,
453 2444 485 2500 et
506 2436 553 2500 ita
576 2435 646 2500 sine
670 2437 758 2500 omni
781 2435 921 2517 clamore
944 2445 976 2500 et
999 2435 1120 2523 ejulatu
1140 2434 1235 2500 ambo
1258 2437 1422 2530 combusti

128 2549 212 2643 sunt,
237 2540 617 2627 quasiindormivissent.
646 2540 739 2605 Haec
761 2524 859 2604 Clara
880 2538 957 2605 habi
959 2539 1048 2607 tabat
1036 2540 1244 2627 tPragae,
1216 2541 1300 2606 civis
1323 2543 1420 2608 vidua

126 2647 161 2710 in
174 2643 279 2719 domo
303 2666 361 2708 sua
382 2644 469 2708 dicta
490 2636 643 2709 Zbiroh
634 2668 669 2709 ιιι
691 2645 785 2711 Nova
819 2646 917 2711 civita
918 2634 1129 2731 tePragensi
1151 2668 1252 2733 prope
1275 2656 1418 2714 sanctam

129 2747 339 2814 catharinam
361 2769 518 2815 annorum
552 2751 732 2837 sexaginta,
767 2748 854 2836 apud
889 2773 986 2836 quam
1018 2750 1125 2816 incola
1148 2773 1249 2816 senex
1281 2751 1341 2818 ille
1375 2755 1422 2819 vir

127 2853 281 2919 Nicolaus
303 2852 417 2938 fuerat,
449 2855 504 2941 qui
525 2854 621 2921 ambo
643 2856 832 2942 periverunt
853 2877 912 2942 per
932 2855 1110 2944 parocbum
1133 2878 1236 2938 suum,
1266 2865 1303 2922 ut
1326 2879 1425 2946 supra

127 2946 248 3023 dictum
270 2958 340 3036 fuit,
364 2959 419 3046 qui
440 2978 495 3045 eos
517 2957 735 3045 Pragensibus
768 2958 925 3042 vendidit,
955 2960 1117 3046 recipiens
1138 2982 1197 3048 pro
1219 2959 1284 3025 illis
1306 2982 1424 3049 argeu-

126 3071 216 3129 teum
239 3064 339 3127 unum
362 3062 403 3126 de
426 3056 558 3148 triginta
579 3062 644 3141 illis
667 3063 840 3148 argenteis,
863 3063 981 3150 quibus
995 3062 1098 3129 Judas
1113 3065 1305 3151 magistrum
1329 3088 1424 3131 suum

126 3166 327 3250 vendiderat,
351 3188 432 3254 quos
456 3166 586 3233 tandem
608 3169 748 3233 restituit
769 3169 943 3259 magistris.
977 3168 1126 3255 Impositi
1148 3191 1224 3235 vero
1248 3178 1281 3234 et
1302 3170 1421 3239 inclusi

126 3272 257 3338 fuerunt
278 3274 312 3338 in
336 3274 494 3356 carceres,
517 3274 612 3337 tertia
627 3294 705 3338 vero
728 3273 782 3337 die
803 3275 910 3338 vocati
927 3273 968 3356 ad
993 3282 1150 3357 senatum,
1173 3273 1294 3340 ibidem
1317 3274 1420 3341 multo

126 3380 200 3468 plus
225 3401 332 3446 coram
356 3380 559 3445 senatoribus
588 3380 688 3446 locuti
710 3380 840 3447 fuerunt
867 3380 907 3445 de
926 3380 992 3445 fide
1020 3380 1259 3468 inpraesentia
1282 3379 1418 3446 admini-

128 3485 272 3550 stratoris
296 3493 327 3550 et
349 3486 418 3572 ejus
442 3485 635 3569 consistorii,
670 3487 864 3574 etapertius
887 3485 1066 3551 acetarius
1090 3507 1187 3572 quam
1209 3495 1316 3571 antea,
1343 3511 1416 3554 con·

127 3589 297 3655 tendentes
321 3610 394 3653 cum
423 3588 489 3655 illis
524 3599 556 3655 et
584 3589 759 3677 probantes
790 3612 833 3655 ex
862 3589 935 3676 lege
973 3591 1086 3656 divina
1119 3601 1152 3656 et
1183 3593 1344 3679 scriptura
1377 3591 1416 3658 ad

128 3694 374 3760 admirationem
396 3695 549 3777 omnium,
573 3717 635 3760 nec
656 3697 762 3760 minas
785 3697 897 3761 mortis
920 3684 1123 3778 curaverunt,
1154 3697 1318 3786 multaque
1342 3720 1418 3765 con·

126 3811 176 3866 tra
198 3799 256 3865 hos
280 3797 465 3864 sacerdotes
487 3799 711 3888 loquebantur,
734 3809 951 3889 proponentes
967 3811 999 3866 et
1014 3801 1284 3888 objicientes'illis
1308 3825 1418 3867 eorum

126 3905 299 3994 nequitias,
322 3898 522 3993 hypocrises,
547 3905 719 3990 sodomiae,
754 3907 873 3971 atalia
905 3906 1005 3971 multa
1037 3907 1132 3990 mala,
1168 3930 1252 3995 quae
1274 3907 1316 3973 ab
1348 3909 1419 3973 aliis

127 4009 169 4074 de
192 4032 228 4075 se
250 4033 414 4098 nunquam
437 4007 638 4078 audiverunt.
671 4011 715 4076 Et
737 4011 813 4077 dum
837 4011 1020 4077 sacerdotes
1043 4013 1101 4079 hos
1124 4014 1256 4093 vincere
1278 4035 1344 4077 non
1365 4034 1418 4101 po·

125 4124 265 4199 tuerunt,
289 4114 546 4180 condemnarunt
575 4114 650 4183 illos
672 4115 714 4182 ad
736 4126 873 4182 mortem
903 4116 988 4203 ignis
1019 4115 1261 4184 admittentibus
1285 4118 1319 4184 id
1341 4119 1418 4184 Pra-

115 4218 302 4306 gensibus3
326 4219 374 4284 illi
407 4242 485 4286 vero
520 4220 605 4287 bono
637 4232 668 4287 et
701 4222 785 4288 laeto
808 4224 915 4287 animo
945 4225 1030 4297 inter
1061 4224 1132 4310 pios
1166 4232 1198 4289 et
1227 4225 1418 4292 christianos

92 4412 95 4418 Ι
127 4332 240 4388 cantus
262 4333 399 4389 mortem
422 4325 604 4404 adiverunt,
639 4336 737 4414 atque
768 4328 812 4392 ita
834 4349 853 4391 a
876 4327 1077 4417 professione
1107 4350 1184 4396 suae
1205 4329 1293 4413 fidei,
1324 4353 1416 4418 quam

125 4425 257 4516 publice
279 4439 414 4494 mortem
438 4429 594 4496 adeuntes
628 4441 660 4497 et
693 4442 878 4498 constanter
900 4441 1146 4520 perseverantes
1175 4434 1314 4522 professi
1337 4444 1417 4518 sunt,

125 4531 214 4598 nullo
237 4531 437 4617 aberrarunt,
462 4534 520 4600 sed
542 4534 681 4601 viriliter
704 4546 951 4624 perseverarunt
971 4538 1074 4625 usque
1097 4537 1138 4603 ad
1159 4536 1287 4605 finem'
1329 4584 1332 4589 -
