2948 5040
20 347 102 425 erat,
135 361 155 405 e
176 337 308 405 civitate
337 333 470 424 quidem
483 320 867 419 Ostregomensiincolse
883 337 916 399 et
927 329 1104 422 capitulum
1118 331 1306 400 commissa·

20 445 88 511 rios
110 441 206 509 nobis
222 441 354 525 obviem
372 441 541 523 miserunt,
564 459 600 504 se
622 435 846 504 submittentes
870 444 903 504 et
923 457 981 503 nos
1002 436 1062 526 pro
1092 435 1225 504 domino
1256 459 1315 527 suo

20 555 238 635 agnoscentes
262 554 296 612 et
324 546 551 632 suscipientes.
589 541 673 610 (lum
695 564 772 610 vero
795 534 904 627 arcem
925 540 1012 609 bono
1034 539 1130 609 modo
1161 540 1311 611 obtinere

19 676 88 722 non
109 652 319 742 potuerimus,
353 675 457 742 prope
478 653 644 720 civitatem
666 650 708 718 ad
729 672 858 719 murum
880 651 1060 718 exercitum
1088 658 1243 738 nostrum,
1278 659 1311 720 et

18 762 55 826 in
76 758 182 825 tribus
203 758 294 824 locis·
308 765 468 825 tormenta
489 779 604 825 versus
636 778 745 824 arcem
767 756 1006 825 collocavimus.
1042 754 1124 823 Post
1156 778 1315 847 vesperas

19 865 106 932 ictus
129 863 271 951 grandes
295 886 338 929 ex
358 864 528 929 tormentis
549 867 754 947 tentavimus,
777 863 862 928 areis
885 864 983 928 etiam
1003 859 1203 951 praesidium
1220 864 1317 934 nobis

18 971 175 1037 resistere
197 990 264 1034 non
286 966 420 1033 destitit.
453 967 592 1055 Vesperi
614 967 746 1033 tandem
763 965 922 1054 jaculatio
944 970 1102 1057 cessavit3
1134 971 1238 1039 altera
1259 970 1314 1040 die

17 1095 128 1156 mane,
152 1094 270 1161 nempe
291 1073 327 1137 in
348 1072 432 1137 festo
452 1071 576 1138 Beatus
598 1069 744 1158 Virginis
764 1070 890 1137 Mariae
910 1071 945 1138 in
967 1072 1093 1143 coelum
1115 1085 1313 1164 assumptae,

19 1187 89 1246 tam
111 1177 237 1244 fortiter
257 1186 292 1245 et
313 1176 489 1263 diligenter
505 1175 647 1265 jaculari
667 1177 772 1242 nostri
792 1178 994 1265 inceperunt,
1016 1187 1053 1244 ut
1075 1180 1163 1247 circs
1183 1189 1312 1269 tempus

17 1281 152 1375 prandii
172 1279 340 1363 castellum
361 1280 443 1347 illud
464 1280 560 1348 nobis
582 1280 711 1348 tradere
734 1281 840 1349 eoacti
860 1281 992 1367 fuerint,
1019 1283 1107 1372 quod
1127 1284 1235 1353 denuo
1256 1288 1315 1354 mi·

17 1389 77 1481 lite
99 1396 211 1451 nostro
232 1384 451 1474 providentes,
467 1384 708 1473 Wytehradum
722 1385 949 1475 processimus,
972 1387 1029 1455 ubi
1051 1412 1088 1456 se
1101 1389 1198 1458 nobis
1221 1413 1316 1482 supe·

18 1495 87 1559 rior
109 1499 142 1557 et
162 1490 296 1556 inferior
318 1511 410 1556 eroes
426 1488 657 1577 subdiderunt3
680 1489 801 1558 abinde
816 1490 943 1557 Budam
966 1495 1145 1561 exercitum
1167 1503 1314 1563 nostrum

19 1597 212 1665 direximus.
234 1593 415 1661 Audientes
437 1616 525 1679 vero,
550 1594 637 1684 quod
658 1594 727 1660 dux
750 1595 821 1683 jem
842 1594 1031 1663 Danubium
1063 1600 1252 1668 transiverit
1285 1609 1319 1668 et

18 1723 124 1791 prope
152 1698 267 1766 Rebas
297 1721 333 1765 se
367 1699 585 1783 collocaverit,
619 1700 759 1766 stitimus
789 1704 863 1767 oum
896 1701 1043 1768 exercitu
1072 1711 1184 1771 nostro
1214 1727 1317 1795 prope

19 1807 176 1875 Veterem
197 1803 335 1888 Budam,
358 1803 416 1870 ubi
436 1803 606 1870 Budenses
629 1813 662 1871 et
683 1805 856 1872 Pestenses
883 1806 972 1873 oives
1001 1829 1038 1873 se
1065 1806 1161 1875 nobis
1184 1807 1319 1877 submit

20 1919 129 1979 tontes
162 1908 205 1975 ad
226 1931 288 1974 nos
326 1910 499 1976 exiverunt
532 1917 565 1974 et
585 1931 643 1997 pro
666 1907 797 1977 domino
831 1931 889 1978 suo
911 1920 1163 2000 assumpserunt
1182 1950 1185 1967 =
1206 1912 1321 1982 Altera

20 2015 74 2083 die
96 2036 194 2081 mene
216 2015 251 2079 in
273 2035 383 2079 arcem
405 2013 592 2080 Budensem
616 2035 689 2080 eum
712 2013 875 2102 equitibus
895 2016 1026 2100 nostris,
1052 2037 1093 2082 uo
1113 2015 1239 2084 vexillo
1259 2040 1318 2085 no·

18 2128 98 2203 stro,
127 2119 247 2185 missso
270 2117 464 2184 sacrificium
485 2118 576 2206 prius
609 2118 694 2206 apud
718 2119 855 2186 Beatam
876 2119 1015 2187 Matrem
1044 2121 1080 2187 in
1109 2121 1242 2188 civitate
1262 2142 1318 2189 au·

18 2224 162 2302 dientes,
183 2223 326 2311 gloriose
349 2221 553 2306 advenimus,
586 2231 619 2288 et
640 2224 675 2287 in
697 2223 776 2290 sede
797 2222 860 2290 hec
888 2233 1000 2290 nostra
1019 2246 1080 2291 nos
1110 2224 1318 2310 eollooantss,

19 2327 148 2396 ibidem
167 2327 338 2417 prandium
360 2328 573 2415 sumpsimus3
602 2326 723 2395 abinde
744 2329 862 2395 iterum
883 2327 926 2395 sd
961 2330 1140 2396 exercitum
1161 2336 1318 2416 nostran,

27 2434 84 2523 qui
108 2453 169 2499 non
190 2432 304 2521 procul
333 2454 354 2497 a
374 2431 537 2499 Krunfeld
567 2431 683 2517 fuerat,
719 2434 938 2521 pervenimus,
972 2433 1154 2522 quoillioo
1183 2435 1227 2502 ad
1247 2457 1319 2521 nos,

28 2540 120 2606 cives
140 2546 174 2604 et
205 2538 409 2625 praepositus
431 2535 703 2624 Belegradenses,
740 2538 797 2624 qui
818 2546 891 2605 octo
923 2536 1116 2606 milliaribus
1137 2537 1234 2607 Buds
1255 2539 1319 2607 dis·

21 2651 103 2726 tant,
139 2641 351 2724 advenerunt,
386 2650 419 2708 et
449 2665 484 2708 se
503 2641 736 2730 subjicientes,
770 2663 829 2708 nos
863 2642 961 2709 etiam
998 2665 1058 2731 pro
1091 2643 1222 2711 domino
1260 2664 1318 2711 suo

20 2756 279 2834 assumpserunt.
323 2744 420 2811 Modo
450 2746 520 2834 jam
544 2753 645 2811 status
675 2747 773 2834 hujus
794 2747 888 2832 regni
910 2745 953 2812 ad
974 2768 1035 2812 nos
1069 2748 1170 2814 citare
1193 2747 1321 2834 dignati

20 2852 161 2938 fuimus3
184 2851 278 2918 aliter
298 2852 394 2916 stiam
417 2872 482 2915 non
500 2849 698 2938 judicamus,
721 2872 817 2939 quam
835 2849 922 2938 quod
943 2851 990 2916 ita
1009 2852 1075 2930 fiet,
1098 2858 1131 2918 et
1152 2874 1320 2941 speramus

23 2961 55 3026 in
76 2961 259 3026 Dominum
279 2960 397 3043 Deum,
430 2957 516 3045 quod
539 2957 581 3024 de
604 2958 689 3026 dono
721 2957 872 3047 ejusdem·
893 2965 1024 3035 sanctae
1054 2956 1179 3043 gratiae
1211 2957 1321 3023 omnis

22 3065 109 3134 bene
133 3063 319 3131 succedent.
362 3062 506 3148 Ideoque
538 3062 621 3128 haec
650 3060 745 3129 vobis
779 3061 926 3130 breviter
956 3062 1169 3144 insinuamus,
1206 3068 1319 3148 utpote

22 3170 154 3254 talibus,
179 3192 258 3257 quos
280 3169 456 3253 noscimus,
481 3167 569 3256 quod
591 3175 627 3232 ut
648 3165 764 3233 fideles
778 3169 882 3235 nostri
895 3165 1006 3233 dilecti
1028 3164 1095 3249 ills,
1119 3187 1202 3254 quae
1223 3164 1320 3231 nobis

24 3275 111 3343 bene
135 3284 168 3341 et
188 3275 327 3341 feliciter
354 3281 580 3340 successerunt
603 3283 635 3339 et
656 3271 764 3340 adhue
785 3273 996 3360 imposterum
1018 3268 1203 3354 suecedent,
1226 3267 1321 3337 nobis

24 3378 180 3450 favebitis
202 3379 306 3445 ethis
329 3378 486 3445 consolati
510 3379 611 3446 eritis.

112 3485 221 3552 Hodie
245 3486 341 3550 etiam
363 3486 544 3551 nuntiatum
566 3483 661 3550 nobis
683 3482 753 3568 fuit,
777 3481 864 3572 quod
886 3482 954 3549 dux
975 3502 1090 3549 versus
1111 3481 1223 3548 'Pisam
1244 3502 1320 3569 pro·

25 3591 171 3674 cesserit,
196 3599 228 3656 et
248 3595 334 3656 nurnc
355 3591 390 3656 in
412 3611 497 3671 arce,
523 3589 640 3675 Toksy
662 3592 857 3676 nuncupata,
887 3609 923 3655 se
945 3587 1096 3655 detineat.
1140 3585 1321 3664 Nescimus,

27 3719 90 3786 quo
115 3695 250 3760 ulterius
272 3717 484 3783 processurus
509 3695 560 3759 sit.
606 3692 703 3760 Circa
726 3694 836 3760 Nita'm
859 3703 892 3758 et
913 3692 992 3759 alibi
1021 3691 1142 3757 multae
1163 3713 1265 3778 arces,
1289 3700 1322 3758 et

26 3800 167 3890 populus
200 3799 307 3866 fidelis
343 3821 378 3864 se
410 3798 506 3864 nobis
539 3798 757 3886 subjecerunt.
801 3798 924 3863 Datum
956 3798 991 3862 in
1020 3796 1166 3863 tentoriis
1199 3796 1319 3863 nostris

26 3906 114 3971 infra
134 3903 261 3971 Budam
282 3925 384 3996 prope
405 3902 566 3971 Kronfeld
588 3902 641 3970 die
663 3901 802 3969 Veneris
823 3903 858 3967 in
879 3899 993 3989 vigilia
1016 3900 1126 3968 Sancti
1148 3900 1320 3970 Bartholo-

30 4011 118 4078 maei
142 4010 210 4098 (23.
232 4008 334 4099 Aug.)
357 4031 441 4077 anno
467 4010 560 4078 1527.
584 4017 617 4076 et
637 4009 731 4096 regni
752 4008 855 4075 nostri
876 4007 990 4096 primo.
