2948 5040
129 152 192 233 tbi

128 332 215 428 quod
235 332 299 404 alio
318 332 383 404 nisi
404 330 447 403 ad
467 332 627 426 reliquum
648 338 719 427 ejus
742 340 922 406 exercitum
945 358 981 405 se
1001 337 1148 425 recipere
1178 340 1244 401 noir
1265 330 1414 404 aarum

131 439 294 508 Pastocba
315 439 451 506 audiens
480 462 601 528 regem,
634 439 821 507 mandabam
844 451 953 508 umen
974 438 1062 507 illius
1083 441 1119 506 in
1139 438 1281 527 nibilum
1307 438 1415 525 vertit,

130 545 188 615 sed
210 544 254 612 ad
275 564 350 611 suos
381 543 510 630 redivit,
543 544 699 635 populum
730 545 820 613 nullo
842 544 906 614 alio
929 544 1083 633 dirigens.
1124 540 1256 613 Interea
1277 530 1418 612 Bobeir'd

127 648 187 737 illi,
222 652 278 740 qui
299 648 386 739 apud
408 671 519 737 regem
540 650 677 735 fueram,
694 650 892 740 judicantes,
929 649 1017 741 quod
1038 650 1222 737 Pragense's
1249 660 1331 715 oum·
1348 646 1419 719 alili

130 777 166 822 se
187 776 260 821 oum
282 776 360 842 rege
382 753 589 843 conjungent,
625 765 795 822 suaserunt
816 757 896 843 regi,
926 765 963 822 ut
983 776 1126 845 pugnam
1148 752 1288 838 differat,
1315 750 1418 825 donec

128 858 244 948 reliqui
264 858 465 927 advenerint.
506 858 580 926 Rex
601 859 683 926 baec
703 860 839 927 audiens
851 861 1060 950 acquiescere
1073 858 1177 925 voluit
1194 856 1328 924 illorum
1343 878 1418 924 con·

128 962 210 1049 silio,
233 950 358 1033 domini
378 972 486 1031 autem
509 971 542 1029 et
560 986 712 1053 proceres
737 964 919 1052 Hungarici
934 963 1065 1031 allocuti
1079 962 1262 1059 Bohemos,
1275 970 1314 1028 ut
1325 960 1418 1031 aliter

127 1090 193 1135 non
215 1078 323 1157 agant,
353 1066 411 1134 sed
433 1054 575 1157 pugnam
609 1071 679 1153 sine
710 1092 802 1137 mora
833 1070 944 1136 ineant
976 1070 1011 1136 et'
1037 1066 1173 1158 quodsi
1206 1066 1269 1133 boc
1300 1067 1418 1156 exequi

126 1170 296 1258 noluerint,
319 1170 406 1261 quod
429 1192 464 1237 se
485 1172 633 1261 ipsismet
652 1171 805 1241 Bohemis
827 1172 1001 1264 pugnando
1016 1195 1180 1264 opponere
1201 1173 1317 1244 velint.
1353 1172 1414 1245 Ia-

129 1299 192 1367 que
212 1276 333 1345 facttum
354 1276 424 1358 linit,
448 1274 533 1364 quod
553 1274 650 1366 paulo
675 1287 749 1368 post
769 1276 908 1345 Turrem
937 1280 1084 1367 aggressi
1106 1278 1246 1359 fuerint3
1268 1276 1423 1366 Hungari'

127 1403 206 1449 vero
232 1380 329 1450 valde
359 1383 543 1449 mercedem
566 1383 749 1471 exiguam
750 1380 791 1448 de
820 1383 882 1449 hoc
912 1382 1035 1473 praelio
1056 1383 1242 1453 retulerunt
1276 1374 1417 1473 Qum

128 1488 216 1553 enim
236 1486 407 1567 interlecti,
430 1486 523 1554 multi
545 1489 726 1577 captiuum
748 1485 870 1576 aliquot
892 1489 1062 1578 episcopis
1090 1498 1185 1578 prout
1214 1492 1313 1558 etiam
1335 1493 1417 1581 epis·

128 1614 227 1681 copus
249 1584 319 1658 ille
327 1591 590 1679 Oatregomensis
612 1580 800 1678 Hungariae
822 1592 1035 1658 cancellarius
1067 1603 1179 1681 captus
1207 1594 1276 1681 fuit,
1310 1594 1419 1663 etalii

127 1695 268 1787 plurimi,
300 1697 445 1786 exceptis
467 1697 542 1783 illis,
574 1698 630 1785 qui
657 1705 732 1763 ante
763 1695 922 1786 praelium
949 1695 991 1762 ab
1013 1699 1158 1764 exercitu
1190 1644 1396 1787 tigal-ant,
1385 1723 1418 1769 m

128 1824 191 1890 quo
213 1801 517 1868 Turcico'exercitu
544 1803 641 1891 juxta
660 1802 921 1868 informationem
951 1801 1133 1880 multorum,
1167 1805 1260 1892 copia
1282 1804 1419 1874 militum

128 1905 333 1975 adducente
361 1905 463 1973 millia
484 1905 723 1992 numerabatur,
746 1908 801 1995 qui
817 1907 979 1973 exercitus
1000 1906 1097 1993 longe
1119 1907 1295 1997 superabat
1317 1912 1418 1979 miuo-

128 2033 180 2078 res
211 2013 320 2101 copias
336 2008 466 2099 'regias
508 2010 686 2079 Conflictus
715 2012 770 2078 bie
799 2009 934 2097 contigit
965 1998 1018 2077 die
1045 2010 1268 2080 decollationis
1304 2012 1338 2083 S.
1360 2014 1417 2084 Jo-

119 2117 224 2188 ,annis
258 2115 423 2205 Baptistae
456 2138 540 2183 anno
572 2116 665 2202 1526,
699 2117 754 2204 qui
784 2116 989 2204 permittente
1009 2114 1082 2182 Deo
1098 2117 1218 2184 ¹factus
1250 2118 1312 2185 luit
1346 2143 1418 2203 cum

130 2244 249 2310 magua
271 2223 388 2288 astutia
409 2219 598 2306 Taurorum,
621 2229 653 2287 et
673 2220 924 2310 improvidentia
953 2220 1092 2309 quadam
1120 2221 1231 2311 populi
1254 2226 1418 2293 exercitus

127 2329 225 2427 regii,
246 2324 312 2394 Ubi
333 2325 426 2393 multi
441 2325 588 2410 Bohemi,
612 2334 643 2391 et
663 2324 721 2393 alii
741 2325 775 2390 in
796 2325 858 2391 hoc
879 2326 970 2412 regio
993 2327 1139 2392 exercitu
1160 2326 1307 2395 fidelium
1329 2339 1418 2397 nota·

126 2429 240 2498 bilium
262 2453 441 2519 pauperum
463 2440 496 2496 et
517 2430 653 2499 divitum
675 2430 775 2496 occisi
797 2438 830 2495 et
851 2432 937 2519 capti
959 2429 1094 2521 fuorunt.
1130 2431 1190 2498 Ille
1211 2454 1291 2500 vero
1313 2434 1418 2502 arabi·

129 2538 298 2625 episcopus
321 2535 592 2623 Ostrogomensis,
616 2543 648 2601 et
670 2532 832 2623 quondam
854 2536 1276 2625 episcopusWaozowensis
1308 2540 1346 2604 in
1369 2539 1418 2607 bis

128 2642 243 2706 castris
266 2663 309 2706 ex
328 2640 481 2707 mandato
503 2638 634 2706 Turcioi
655 2641 857 2728 imperatoris
880 2639 986 2706 eidem
1007 2642 1076 2708 noti
1111 2641 1356 2728 contumeliose,
1386 2652 1419 2711 ut

91 2809 94 2815 .
127 2744 273 2835 proditor
299 2742 476 2812 decollatus
499 2744 569 2831 fuit,
592 2744 724 2833 dmum
745 2743 928 2812 mercedem
951 2766 1081 2811 sumens
1096 2744 1138 2812 de
1160 2745 1327 2836 obsequiis
1351 2748 1418 2815 suis

127 2852 302 2939 praestitis.
323 2849 397 2917 Rex
417 2872 495 2918 vero
517 2858 689 2939 antequam
710 2850 868 2940 praelium
882 2849 1272 2938 incepissetadvertens,
1289 2852 1416 2920 nullam

128 2959 201 3022 esse
223 2955 449 3044 aequalitatem
471 2958 669 3023 numericam
690 2955 802 3045 populi
824 2956 873 3021 sui
895 2965 1007 3031 contra
1028 2954 1200 3021 Turcieum
1223 2957 1418 3044 exercitum,

128 3082 190 3127 nec
213 3084 304 3150 spem
325 3062 482 3128 victoriae
503 3061 629 3146 adesse,
652 3061 738 3127 solus
766 3083 840 3127 cum
862 3061 984 3150 aliquot
1006 3057 1047 3126 de
1069 3062 1214 3127 exercitu
1235 3061 1307 3128 sine
1328 3064 1418 3130 omui
1456 3070 1459 3075 '

128 3167 273 3251 sanitatis
297 3188 374 3233 suae
396 3167 587 3234 detrimento
609 3165 733 3253 aufugit
747 3165 789 3256 *).
804 3166 929 3255 Deque
950 3165 1081 3232 tandem
1102 3168 1137 3232 in
1148 3165 1306 3233 Bohemie
1325 3167 1422 3234 varie

127 3269 308 3337 dubitatum
325 3271 407 3357 fuit3
431 3271 561 3360 quidam
577 3271 664 3337 enim
679 3271 841 3354 dixerunt,
863 3269 955 3337 illum
977 3269 1077 3337 fuisse
1098 3272 1338 3360 interemptum,
1362 3270 1421 3339 alii

52 3446 57 3463 Ι
127 3375 220 3441 illum
241 3377 352 3444 vivum
373 3377 532 3442 mansisse
554 3384 760 3442 asseruerunt
786 3377 873 3441 inter
894 3386 1059 3464 equestres
1088 3376 1198 3465 copias
1219 3376 1343 3466 parit'e'r
1360 3376 1420 3444 ro:

127 3483 271 3570 gientes3
295 3482 377 3548 haec
398 3480 498 3547 dubia
517 3503 578 3570 per
610 3479 732 3568 aliquot
754 3482 950 3570 septimanas
973 3479 1183 3566 duraverunt,
1220 3466 1326 3548 donec
1348 3468 1422 3548 tou·¹

130 3584 205 3650 dem
218 3594 403 3676 superasset
423 3606 531 3651 rumor
554 3584 684 3672 quidam
707 3585 875 3674 eujusdam
897 3581 1169 3674 dominiantrya
1191 3584 1344 3674 specialis
1368 3586 1418 3655 sui

127 3687 273 3776 fautoris,
309 3688 405 3780 quod,
438 3689 515 3755 dum
536 3712 596 3756 rex
628 3712 700 3757 cum
723 3688 778 3756 illo
811 3689 949 3778 fugisset
980 3712 1040 3780 per
1071 3687 1232 3778 quandam
1261 3680 1417 3779 paludem

127 3799 298 3881 lutuosam,
320 3794 516 3861 infortunate
548 3795 728 3882 contigerit,
756 3784 966 3885 ut‘paludem
994 3793 1080 3861 banc
1113 3817 1196 3883 equo
1217 3796 1418 3884 pertransire

126 3926 191 3971 uon
214 3903 364 3992 potuerit,
388 3898 446 3964 sed
474 3898 587 3965 inille
615 3897 735 3988 palude
767 3898 894 3966 lutuosa
914 3899 1022 3990 perire
1051 3897 1208 3984 debuerit,
1242 3905 1276 3966 et
1305 3907 1361 3989 qut
1383 3894 1419 3966 in'

128 4008 186 4076 illa
208 4007 285 4097 fuga
307 4026 381 4072 cum
401 4026 479 4091 rege
500 4003 638 4083 fuerunt,
662 4002 798 4093 quilibet
819 4006 853 4071 in
874 4004 936 4070 hoc
958 4013 1080 4070 terrore
1101 4003 1201 4069 nimio
1224 4001 1286 4069 sibi
1308 4005 1418 4093 potius

128 4112 311 4195 cousulens,
333 4131 429 4197 quam
449 4110 529 4196 regi,
553 4131 617 4198 quo
640 4111 712 4198 quis
734 4110 847 4196 potuit,
881 4108 1016 4195 diffugit,
1051 4108 1213 4197 quiajam
1235 4106 1417 4196 periculum

129 4242 172 4289 ex
193 4217 228 4286 vi
248 4236 366 4305 magna
387 4213 583 4282 imminebat
628 4213 682 4282 Ex
703 4213 766 4281 hac
785 4200 896 4303 pugna
924 4214 1034 4304 itaque
1053 4211 1151 4281 valde
1171 4213 1268 4303 pauci
1289 4210 1333 4280 de
1353 4212 1417 4282 Bo·

168 4490 199 4563 ²)
214 4491 258 4546 De
278 4487 413 4544 Lndorioi
433 4482 609 4542 infelicissimi
630 4481 703 4584 regis
723 4481 827 4542 turcico
848 4481 1003 4552 certamine,
1023 4484 1091 4557 iuga
1112 4491 1141 4539 et
1162 4480 1240 4625 oppto
1260 4483 1324 4556 lege
1344 4481 1414 4545 rala-

211 4575 316 4733 tlt
335 4571 738 4732 :lttltttlttlttt
731 4572 844 4717 titt
865 4569 1412 4732 §tillirtlttlttt

130 4740 135 4757 ‘'
208 4755 326 4810 5-18
348 4745 455 4813 &abit
473 4748 520 4813 ida
540 4744 641 4809 aare
663 4751 774 4806 aarum
799 4742 1071 4824 oesmdoqusueo
1091 4740 1145 4804 XL
