2948 5040
49 331 194 399 solertiis
216 339 249 399 et
269 334 512 405 inventionibus
528 334 695 403 hominum
717 330 875 401 sine'fide
891 332 990 421 digno
1006 327 1201 398 testimonio.
1227 328 1346 394 Verum

45 437 120 524 jam
141 436 243 503 Vobis
273 438 496 507 sacerdotibus
529 439 636 506 dicam
669 441 753 506 mira
772 437 914 523 novalia,
937 436 996 503 sed
1015 444 1133 520 metuo,
1167 435 1223 523 qui
1243 428 1347 497 Vobis

50 551 146 630 grata
168 552 200 610 et
221 552 357 630 accepta
378 565 444 611 non
467 552 561 610 eruut
583 543 671 627 solis,
704 541 856 609 fidelibus
877 563 956 608 vero
988 548 1021 607 et
1044 538 1159 607 electis¹
1183 546 1216 604 et
1237 537 1345 605 solati·-

52 670 135 715 osa:
158 647 255 729 Quod
275 671 394 737 nempe
414 649 575 715 Dominus
587 649 679 715 Deus
701 648 885 713 misericors
902 647 974 734 jam
996 643 1093 733 paulo
1113 653 1190 732 post
1210 642 1351 715 dimittet

53 761 89 820 et
111 753 228 820 educet
248 754 404 843 populum
426 777 521 820 suum
543 776 586 820 ex
601 754 788 842 captiuitate
802 750 1015 840 Babylonica,
1038 770 1156 837 nempe
1180 770 1223 814 ex
1243 756 1350 836 potes·

54 869 123 927 tate
144 860 292 939 Romana
313 858 506 927 Antichristi
527 860 629 947 patris
650 859 770 941 Vestri,
798 879 875 923 nam
902 868 946 922 e'x
979 856 1066 923 dono
1097 864 1129 920 et
1158 855 1265 941 gratia
1285 851 1351 918 Dei

51 965 124 1054 jam
144 965 249 1033 ferme
270 965 391 1054 ubique
412 967 448 1032 in
471 973 538 1031 tota
560 964 805 1042 christianitate,
832 961 989 1028 interris
1013 969 1044 1027 et
1064 958 1256 1048 regionibus
1279 978 1349 1022 cor·

56 1073 218 1162 rumpitur
240 1081 272 1137 et
295 1072 470 1138 destruitur
502 1071 647 1160 potentia
679 1071 750 1159 ejus
771 1070 894 1158 injusta
927 1078 959 1135 et
979 1068 1079 1155 falsa,
1110 1086 1188 1134 nam
1219 1063 1352 1130 tandem

56 1182 197 1269 populus
220 1177 392 1245 adducitur
413 1198 453 1242 ac
475 1183 623 1242 moretur
645 1174 688 1241 ad
710 1174 908 1261 agnitionem
928 1174 1087 1256 veritatis,
1116 1172 1203 1257 fidei,
1227 1173 1298 1261 spei
1321 1180 1353 1236 et

57 1286 203 1351 curiatis
239 1282 503 1371 perlectionem
534 1281 721 1347 testamenti
740 1278 822 1346 Jesu
845 1276 988 1361 Christi,
1008 1279 1043 1343 in
1076 1300 1140 1367 quo
1159 1287 1217 1344 est
1244 1279 1296 1344 vis
1319 1285 1352 1343 et

56 1390 205 1480 potentia
234 1398 303 1477 pre'
317 1386 421 1454 salute
442 1389 585 1454 omnium
608 1387 774 1473 fidelium3
799 1388 870 1475 jam
907 1387 1087 1454 adveniunt
1108 1386 1149 1453 ab
1172 1386 1298 1452 oriente
1320 1395 1354 1455 et

57 1518 178 1563 occasu
200 1493 277 1559 eolis
299 1493 341 1559 ad
370 1495 540 1560 veritatem
562 1491 685 1559 Christi
706 1493 857 1577 Domini;
889 1493 986 1558 etiam
1014 1492 1085 1579 jam
1107 1491 1242 1559 retrahit
1262 1490 1353 1559 Deus

58 1622 197 1689 regnum
220 1621 314 1665 suum
337 1621 379 1665 ex
400 1606 561 1688 potestate
582 1597 737 1664 falsorum
758 1598 985 1686 prophetarum
1009 1606 1042 1663 et
1063 1599 1300 1685 magistrorum,
1323 1604 1355 1662 et

57 1707 159 1775 tradit
179 1706 262 1772 illud
283 1704 356 1771 aliis
377 1704 529 1771 fidelibus
560 1704 637 1788 suis,
670 1704 725 1791 qui
748 1702 856 1769 eidem
887 1703 1027 1769 fructum
1049 1701 1209 1782 adferunt,
1239 1701 1354 1769 adimit

59 1814 160 1879 etiam
171 1811 332 1877 Dominus
355 1820 387 1875 et
408 1818 501 1898 pater
521 1807 661 1874 familias
683 1808 813 1874 vineam
836 1829 927 1873 suam
939 1829 982 1873 ex
1001 1815 1161 1895 potestate
1183 1807 1355 1895 impiorum

60 1925 93 1985 et
114 1917 309 2004 injustorum
330 1917 517 2000 vinitorum,
540 1922 573 1981 et
594 1913 693 1980 tradit
724 1912 815 1981 illam
837 1913 911 1980 aliie
944 1911 1138 1981 vinitoribus
1170 1911 1278 1980 fidelis
1299 1933 1356 2000 po-

58 2020 131 2112 puu
153 2021 215 2091 sur.

629 2225 776 2296 CAPUT
797 2229 830 2296 6.

64 2423 141 2486 Item
156 2424 384 2489 ,continuantur
422 2424 529 2485 literae
565 2425 668 2487 fratris
697 2425 841 2486 Mathiae.
884 2425 963 2485 Item
992 2423 1031 2484 de
1065 2424 1195 2502 quodam
1225 2423 1355 2485 Nicolso

475 2512 645 2589 Wtetenat,
668 2520 698 2572 et
720 2509 813 2573 Clara
834 2511 937 2575 vidua.
1060 2576 1062 2581 ,
1111 2534 1116 2541 ’

143 2665 286 2731 Demum
303 2664 417 2750 judico
434 2666 506 2754 jam
526 2663 663 2731 forsitan
674 2662 741 2730 Vos
764 2664 848 2729 seire
871 2662 913 2729 de
934 2662 995 2747 his,
1027 2663 1116 2752 quod
1141 2671 1235 2752 pater
1247 2670 1358 2730 vester

61 2777 94 2835 et
116 2769 421 2858 eaputAntiohristi
441 2771 552 2852 ruerit,
576 2777 609 2835 et
630 2769 746 2852 victus,
770 2790 813 2834 ex
830 2766 1014 2850 fidecredo,
1038 2769 1125 2855 quod
1148 2771 1244 2835 etiam
1268 2766 1359 2832 anni·

60 2876 218 2965 hilabitur
238 2901 305 2944 una
338 2899 413 2944 curn
446 2878 529 2943 falsa
562 2900 620 2943 sua
653 2879 807 2965 potentia.
851 2876 895 2942 Et
916 2897 1032 2964 precor
1053 2873 1132 2957 Vos,
1163 2872 1261 2939 dicite
1283 2870 1361 2937 mihi

61 2982 161 3049 etiam
185 2982 343 3071 quaedam
366 2982 410 3048 de
443 2982 501 3049 illo
522 2982 766 3070 archiepiscopo
796 2980 996 3068 Hungarico,
1029 3002 1090 3067 per
1120 2999 1216 3065 quem
1247 2985 1280 3042 et
1300 2997 1360 3064 per

60 3087 131 3154 Vos
142 3086 305 3175 praelatos
317 3088 499 3174 Prsgenses
512 3085 573 3152 hae
585 3085 768 3152 discordiae
781 3094 814 3151 et
827 3086 1019 3151 tentationes
1041 3083 1206 3149 violentae
1229 3087 1361 3146 exortae

60 3193 202 3260 fuerunt.
243 3192 304 3260 1110
327 3194 413 3259 enim
436 3184 615 3261 est'vester
636 3191 705 3258 dux
728 3200 760 3256 et
781 3190 922 3257 director
942 3189 1053 3272 falsus,
1077 3189 1130 3255 cui
1151 3188 1219 3253 Vos
1242 3183 1361 3272 adjun-

60 3298 170 3383 xistis,
203 3290 428 3386 nunquid·ille
449 3296 593 3386 prodidit
620 3298 725 3385 primo
747 3318 858 3382 regem
875 3304 913 3362 'et
933 3294 1100 3361 dominum
1123 3314 1226 3371 suum,
1259 3298 1362 3357 totum

63 3401 256 3488 Hungarise
278 3425 416 3492 regnum
439 3413 471 3469 et
492 3402 560 3470 Vos
583 3400 729 3490 ejusdem
751 3400 853 3484 filios,
885 3407 981 3488 prout
1011 3397 1133 3488 ubique
1165 3395 1207 3462 de
1230 3395 1286 3461 illo
1308 3394 1363 3460 hie

60 3524 175 3574 rumor
196 3506 380 3596 divulgatus
409 3508 546 3575 auditur.
591 3496 813 3589 Considerate,
843 3506 879 3571 in
901 3527 984 3595 quae
1006 3502 1074 3570 Vos
1096 3501 1286 3591 perduxerit
1305 3514 1362 3565 ne·

63 3633 162 3700 qnam
182 3613 338 3700 proditor,
374 3623 406 3679 et
428 3634 491 3703 quo
513 3604 708 3701 pervenerit.
752 3608 896 3697 Ideoque
929 3610 1067 3676 seientes
1099 3608 1198 3691 haec,
1231 3605 1363 3673 credere

64 3725 98 3781 et
119 3715 305 3803 intelligere
328 3726 462 3805 oportet,
487 3715 573 3804 quod
590 3716 660 3803 jam
681 3737 742 3782 rex
756 3736 869 3801 regum
884 3721 917 3779 et
937 3712 1099 3799 Dominus
1113 3710 1364 3778 Dominantium

64 3821 158 3887 Deus
183 3823 387 3911 omnipotens
409 3820 501 3904 nolit,
535 3842 641 3909 neque
663 3821 766 3909 possit
788 3818 908 3884 diutius
932 3819 1067 3884 sufferre
1091 3825 1122 3882 et
1155 3813 1294 3881 tolerare
1315 3814 1363 3878 in·

63 3922 265 4009 fidelitatem,
299 3928 508 4015 impietatem,
542 3925 713 4014 nequitias,
746 3924 923 4012 injustitias
954 3931 987 3989 et
1006 3930 1141 4011 peccata
1174 3918 1365 3985 sodomitica

64 4028 108 4095 ab
130 4029 332 4097 Antichristo
356 4039 388 4095 et
410 4029 484 4095 filiis
508 4029 663 4118 ejusdem,
686 4030 878 4118 praesertim
901 4028 1106 4095 seductiones
1130 4035 1162 4092 et
1176 4026 1364 4094 aversiones

65 4134 209 4221 mandes
241 4137 339 4202 totius
373 4134 486 4222 populi
516 4134 683 4201 christiani
705 4156 725 4199 a
745 4132 811 4201 fide
841 4141 872 4198 et
905 4135 1041 4199 veritate
1077 4131 1200 4199 Christi
1230 4127 1366 4196 Domini

64 4238 205 4327 amplius
226 4262 293 4305 non
315 4239 466 4335 tolerabit
480 4240 571 4304 Deus
590 4239 784 4322 misericors,
807 4239 854 4303 ita
875 4237 973 4304 credo
999 4242 1131 4303 sanctae
1149 4238 1219 4325 ejus
1231 4234 1364 4321 gratiae.¹

63 4343 196 4428 Precor,
229 4352 380 4411 revocate
402 4343 505 4410 Vobis
527 4344 562 4408 in
592 4342 780 4408 memoriam
809 4342 884 4427 illa,
909 4338 1116 4431 quae'Vobis
1138 4341 1269 4408 volente
1291 4336 1367 4404 Deo

67 4448 196 4536 scripsi,
220 4450 307 4537 quod
328 4449 410 4516 haee
431 4447 685 4516 Vestraultima
707 4448 749 4513 sit
770 4446 908 4513 victoria
940 4447 1076 4537 papalis,
1111 4443 1305 4534 episcopalis
1327 4462 1367 4508 ac

68 4551 289 4636 sacerdotalis,
326 4563 357 4618 et
378 4552 466 4639 quod
487 4560 554 4618 tam'
576 4552 750 4619 crudeliter
781 4561 812 4616 et
834 4573 932 4618 coece
962 4553 1231 4619 consurrexeritis
1255 4558 1368 4616 contra

66 4658 179 4724 Deum
200 4668 233 4723 et
255 4658 425 4724 veritatem
448 4659 519 4745 ejus
541 4666 616 4724 ante
637 4657 790 4752 Vestram
812 4655 951 4729 subitam
972 4658 1109 4742 ruinam,
1134 4667 1180 4723 et.
1194 4655 1288 4723 brevi
1318 4680 1366 4724 se·

69 4770 226 4853 quentem
247 4763 511 4850 destructionem,
534 4771 632 4853 atque
655 4752 764 4831 tenete
785 4760 850 4832 hoc
870 4760 1097 4853 quahounnue
1112 4759 1335 4836 assusatus,
1348 4776 1396 4820 aa.
