2948 5040
133 142 197 213 152

131 312 187 408 qui
209 335 326 404 corpus
348 312 509 393 occidunt,
531 313 661 380 animae
673 333 752 380 vero
764 333 885 379 nocere
899 331 966 378 non
987 319 1132 401 possunt
1177 310 1258 380 Scio·
1275 313 1427 403 equidem

126 426 224 515 juxta
244 418 464 486 testimenium
486 416 619 500 Christi,
640 417 728 483 viam
751 438 823 482 esse
845 424 1015 503 angustam
1038 424 1070 481 et
1091 425 1217 504 portam
1235 438 1376 506 parvam
1392 421 1426 486 in

103 528 109 541 “
131 547 270 614 regnum
290 522 431 589 coeleste
453 529 486 587 et
506 523 607 588 vitam
628 529 802 587 aeternam.
825 519 900 586 Hoc
921 521 957 585 in
979 518 1098 585 mundo
1120 521 1203 587 nihil
1224 520 1314 589 alind
1337 523 1426 591 inve

130 632 227 715 nitur,
250 629 314 694 nisi
335 626 440 708 fletus,
469 626 618 714 ejulatus,
640 634 853 714 contemptus,
875 622 1130 710 maledictiones,
1152 627 1330 712 irrisiones,
1356 650 1424 696 car·

131 758 232 817 ceres,
255 731 491 820 flagellationes
511 739 556 796 et
577 731 660 797 varii
689 730 820 817 generis
847 731 1030 796 *occisiones
1052 729 1234 797 horrendae
1255 754 1315 818 pro
1338 736 1425 802 veri·

129 849 195 906 tate
215 839 291 922 Dei,
314 861 373 926 pro
395 840 527 908 nomine
550 843 582 904 et
602 836 787 911 testimonio
808 834 890 901 Jesu
901 833 1024 900 Christi
1045 834 1180 900 Domini
1200 838 1305 902 nostri
1329 840 1423 906 suffe·

127 943 265 1027 rendae,
303 953 336 1009 et
369 967 442 1011 curn
476 943 595 1009 similia
616 940 703 1006 mala
723 941 759 1007 in
780 938 953 1029 principali
975 940 1082 1029 capite
1104 940 1255 1020 Domino,
1290 965 1373 1030 rege
1395 954 1424 1012 et

26 1116 30 1123 ,
127 1047 195 1115 filio
217 1048 282 1114 Dei
305 1049 383 1125 vivi,
408 1048 495 1114 etin
519 1046 631 1113 electis
654 1047 751 1112 totius
773 1044 887 1111 mundi
901 1044 971 1129 ejus
986 1045 1141 1133 apostolis
1163 1054 1196 1112 et
1211 1045 1286 1113 aliis
1301 1051 1422 1116 sanctu

130 1152 309 1220 secundum
332 1153 550 1219 testimonium
571 1152 697 1239 antiqui
709 1159 741 1217 et
751 1152 829 1217 novi
851 1149 1034 1217 testamenti
1055 1149 1141 1215 facta
1161 1149 1301 1237 fuerint3
1324 1174 1422 1240 quare

133 1258 231 1324 etiam
242 1257 275 1323 in
297 1279 350 1322 me
361 1265 533 1346 peccatore
556 1256 715 1343 quaedam
738 1253 857 1321 similia
871 1254 1043 1342 adimpleri
1063 1276 1130 1320 non
1152 1254 1310 1322 deberent
1327 1258 1422 1344 juxta

125 1360 198 1447 ,Dei
219 1360 428 1445 voluntatem,
451 1360 575 1427 bivero
600 1380 711 1426 omnes
733 1359 767 1423 in
781 1357 857 1434 fide,
881 1380 939 1445 spe
964 1367 996 1424 et
1006 1357 1164 1425 charitate
1173 1358 1310 1425 Domini
1323 1361 1421 1427 nostri

126 1468 208 1535 Jesu
229 1463 353 1531 Christi
370 1473 606 1553 pugnaverunt,
629 1460 918 1550 triumphaverunt,
953 1485 1009 1528 ora
1030 1463 1160 1528 leonum
1182 1462 1420 1548 obstruxerunt,

126 1577 239 1659 ignem
260 1568 438 1636 ferocitatis
461 1567 807 1644 extinxerunt,'aciem
829 1568 915 1631 ensis
938 1566 1176 1636 destruxerunt.

210 1675 283 1762 Ego
304 1683 412 1740 autem
433 1681 586 1763 peccator
608 1670 763 1757 indignus
785 1669 827 1736 ab
851 1671 999 1737 omnibus
1028 1671 1180 1738 fidelibus
1203 1672 1420 1745 confratribus

126 1779 162 1845 in
182 1778 256 1844 Deo
278 1778 475 1844 charissimis
496 1777 559 1843 hcc
581 1776 711 1842 unicum
733 1784 809 1862 peto
839 1785 871 1841 et
891 1797 982 1862 rogo,
1011 1785 1047 1841 ut
1068 1799 1127 1864 pro
1150 1798 1202 1842 me
1237 1785 1270 1844 et
1293 1801 1420 1847 mecum

127 1890 230 1966 orent,
252 1890 285 1947 et
305 1883 459 1948 invocent
479 1880 588 1947 Deum
621 1879 882 1966 omnipotentem,
914 1889 950 1945 ut
978 1902 1069 1947 suam
1102 1890 1247 1948 sanctam
1282 1886 1421 1970 graham

126 1986 162 2052 in
182 2007 246 2064 me,
269 1994 302 2052 et
312 2008 441 2052 ornnem
452 1985 651 2052 voluntatem
672 2005 763 2049 suam
786 1983 847 2049 sibi
870 1993 995 2071 gratam
1017 1984 1203 2075 adimpleat,
1228 1985 1313 2053 sicut
1337 1991 1419 2078 ejus-

114 2090 199 2161 alem
232 2091 357 2176 gratiae
390 2088 540 2167 libuerit,
570 2091 636 2154 sint
669 2091 766 2155 etiam
796 2088 966 2156 diuturnae
996 2111 1114 2175 graves
1137 2092 1420 2179 incarcerationes,

124 2196 222 2261 etiam
244 2217 348 2282 usque
370 2195 413 2261 ad
445 2197 551 2283 ipsam
580 2203 715 2260 mortem
750 2194 933 2279 durabiles,
966 2194 1101 2261 ulterius
1124 2195 1210 2261 enim
1232 2196 1421 2286 prolongari

122 2321 189 2366 nun
211 2307 357 2387 possunt.
399 2299 473 2365 Etsi
494 2321 720 2387 quamcunque
742 2308 877 2364 mortem
894 2299 1003 2365 subire
1013 2299 1177 2384 deberem,
1199 2301 1234 2367 id
1246 2299 1368 2369 lubens
1384 2303 1421 2369 de

124 2403 274 2471 manibus
296 2403 425 2488 divinis,
460 2412 495 2470 ut
517 2403 637 2470 donum
660 2404 730 2491 ejus
753 2405 876 2490 gratiae
899 2407 1108 2492 susciperem,
1140 2405 1317 2473 dummodo
1342 2406 1440 2497 illud¹

124 2509 182 2574 liat
202 2530 260 2595 pro
282 2509 421 2575 veritate
455 2515 487 2573 et
514 2508 699 2573 testimonio
720 2507 857 2573 Domini
879 2510 982 2574 nostri
1002 2508 1083 2576 Jesu
1106 2507 1238 2575 Christi.
1283 2509 1321 2578 si
1346 2534 1413 2580 vem

126 2611 272 2701 ejusdem
295 2613 400 2698 gratia
422 2621 534 2677 sancta
567 2621 768 2699 agnosceret,
799 2635 851 2677 me
873 2613 979 2680 adhuc
1001 2637 1072 2681 esse
1094 2615 1246 2682 idoneum
1268 2618 1311 2685 ad
1335 2620 1417 2686 veri-

125 2725 223 2783 tatem
247 2718 317 2806 ejus
339 2716 582 2804 propagandam
607 2715 703 2781 etad
725 2715 870 2782 fidelium
893 2727 925 2783 et
940 2719 1085 2806 ejusdem
1108 2721 1265 2787 ecclesiae
1289 2734 1418 2790 sanctae

123 2819 303 2909 proiectum
324 2819 571 2908 procurandum,
604 2819 755 2906 dignetur
776 2843 829 2886 me
843 2843 883 2886 ex
899 2822 950 2887 his
967 2825 1151 2892 carceribus
1173 2824 1317 2912 benigne
1343 2829 1419 2895 libe·

122 2924 199 2989 rari.
224 2923 317 2991 Haec
339 2946 416 2990 vcro
438 2925 546 2990 omnia
568 2925 647 2990 fiant
668 2925 710 2991 ad
731 2925 860 2991 laudem
883 2933 915 2992 et
936 2925 1090 2996 honorem
1113 2930 1178 2996 Dei
1192 2933 1420 3020 omnipotentis

122 3032 301 3099 secundnm
324 3032 416 3099 illum
446 3033 624 3123 prophetae
647 3042 787 3101 textum:
816 3035 894 3101 ¹Non
923 3034 1017 3101 nobis
1040 3036 1191 3120 Domine,
1225 3060 1292 3104 non
1313 3038 1417 3121 nobis,

122 3137 181 3203 sed
202 3137 327 3203 nomini
341 3136 412 3203 Tuo
431 3136 524 3203 detur
545 3136 616 3204 laus
639 3148 672 3204 et
693 3139 806 3223 honor,
828 3140 909 3205 mihi
926 3141 1022 3205 etiam
1032 3143 1196 3227 peccatori
1217 3140 1260 3207 ad
1283 3141 1417 3208 salutern

121 3249 153 3307 et
175 3243 275 3308 vitam
297 3250 464 3308 aeternam
484 3243 597 3331 prosit.
643 3242 743 3309 Aliud
776 3243 857 3309 nihil
891 3242 1040 3309 desidero
1075 3255 1108 3310 et
1147 3245 1183 3310 in
1212 3245 1276 3311 hoc
1297 3246 1417 3312 mundo

123 3345 206 3413 nihil
227 3353 354 3435 appeto,
377 3346 451 3429 nisi,
484 3355 520 3413 ut
548 3368 621 3411 curn
650 3347 818 3413 voluntate
849 3347 983 3413 Domini
1004 3349 1069 3414 Dei
1092 3350 1322 3438 omnipotentis
1346 3373 1416 3418 con·

121 3448 243 3517 corder.
287 3450 397 3515 Etiam
421 3458 496 3538 peto
520 3451 674 3517 orationis
707 3452 864 3518 auxilium
894 3452 936 3519 ad
958 3453 1135 3520 Dominum
1157 3455 1275 3538 Deum,
1308 3465 1346 3521 ut
1366 3479 1416 3522 me

119 3557 155 3621 in
177 3575 238 3620 sua
261 3555 338 3621 viva
359 3553 425 3620 fide
447 3555 625 3639 confirmet,
649 3577 792 3622 amorem
824 3556 970 3624 divinum
1003 3559 1038 3622 in
1072 3581 1125 3624 me
1156 3544 1274 3646 augeat
1307 3569 1340 3626 et
1361 3582 1416 3648 per

120 3681 236 3726 veram
260 3681 352 3747 spem
373 3657 513 3743 roboret,
537 3659 643 3744 simul,
675 3669 709 3726 ut
730 3662 842 3748 largiri
864 3661 1014 3750 dignetur
1034 3662 1248 3730 humilitatem
1269 3650 1414 3733 sanctam

123 3771 156 3827 ct
177 3761 354 3850 perfectam
375 3763 409 3827 in
432 3762 579 3830 adversis
600 3765 799 3852 patientiam.
833 3766 932 3832 Varia
964 3768 1050 3832 enim
1078 3769 1148 3856 jam
1178 3768 1219 3834 dc
1252 3793 1306 3837 mc
1328 3771 1414 3837 dicta

120 3866 250 3932 fuerunt
273 3867 314 3932 de
337 3865 474 3933 diversis
496 3871 639 3955 peccatis
662 3878 694 3935 et
714 3871 893 3957 injustitiis,
915 3873 1105 3959 praesertim
1134 3881 1248 3939 contra
1269 3876 1409 3942 seducti·

122 3992 217 4036 onem
249 3971 442 4037 Antichristi
487 3980 519 4039 et
550 3982 663 4038 contra
704 3975 926 4041 confusionem
964 3977 1033 4063 ejus
1068 3979 1265 4065 sequacium.
1308 3980 1413 4046 Multa

122 4077 219 4142 etiarn
241 4074 350 4142 audita
373 4084 448 4142 sunt
468 4075 510 4142 de
531 4099 593 4161 me,
616 4077 657 4144 de
669 4078 846 4145 christiana
857 4082 1013 4166 patientia
1025 4080 1065 4148 ob
1085 4083 1253 4170 justitiam,
1275 4083 1414 4173 ideoque

120 4186 247 4269 oportet
268 4203 341 4246 cum
363 4180 484 4247 auxilio
505 4181 571 4247 Dei
609 4185 704 4248 etiam
738 4183 860 4272 aliquid
889 4185 1024 4251 sufferre
1057 4195 1089 4252 et
1117 4196 1247 4273 gustare
1275 4188 1411 4255 herbam

120 4285 306 4373 patientiae,
341 4293 376 4350 ut
397 4294 621 4370 cognoscatur,
652 4287 799 4354 dulcisne
829 4311 870 4354 an
892 4310 1003 4355 amara
1024 4291 1075 4375 sit,
1110 4292 1240 4380 qualem
1263 4314 1413 4381 saporem

122 4390 340 4477 virtutemque
362 4387 490 4473 habeat,
526 4413 599 4456 curn
621 4413 682 4456 nec
705 4391 791 4458 dicta
812 4415 874 4459 nec
896 4394 1007 4460 audita
1029 4384 1201 4462 sufficiant.
1245 4396 1354 4486 Atque
1379 4414 1412 4465 ut

120 4503 272 4582 peccator
315 4491 401 4577 dico,
430 4495 545 4582 jugum
569 4496 639 4582 ejus
662 4517 734 4562 esse
778 4520 877 4564 suave
910 4508 943 4565 et
964 4521 1047 4565 onus
1067 4500 1132 4566 Dei
1153 4500 1196 4566 ad
1217 4502 1412 4589 portandum

119 4598 201 4682 leve,
223 4620 283 4688 per
303 4600 537 4669 consolatorem
559 4601 707 4687 spiritum
730 4612 886 4682 sanctum,
916 4606 972 4693 qui
994 4607 1177 4674 consolatur
1199 4628 1310 4673 omnes
1332 4606 1410 4674 fide·

118 4701 167 4770 les
190 4714 222 4770 et
244 4703 382 4774 afflictos
415 4730 474 4796 pro
496 4708 632 4776 veritate
655 4715 688 4774 et
709 4709 839 4776 nomine
862 4707 942 4799 ejus.
985 4711 1115 4798 Precor,
1138 4712 1275 4780 salutate
1298 4734 1412 4781 omnes
