<?xml version="1.0" encoding="UTF-8"?>
<!DOCTYPE html PUBLIC "-//W3C//DTD XHTML 1.0 Transitional//EN"
    "http://www.w3.org/TR/xhtml1/DTD/xhtml1-transitional.dtd">
<html xmlns="http://www.w3.org/1999/xhtml" xml:lang="en" lang="en">
 <head>
  <title>
</title>
<meta http-equiv="Content-Type" content="text/html;charset=utf-8" />
  <meta name='ocr-system' content='tesseract 3.04.00' />
  <meta name='ocr-capabilities' content='ocr_page ocr_carea ocr_par ocr_line ocrx_word'/>
</head>
<body>
  <div class='ocr_page' id='page_1' title='image "./desbartholomusv00bartgoog_0281.png"; bbox 0 0 2948 5040; ppageno 0'>
   <div class='ocr_carea' id='block_1_1' title="bbox 587 334 811 408">
    <p class='ocr_par' dir='ltr' id='par_1_1' title="bbox 587 334 811 408">
     <span class='ocr_line' id='line_1_1' title="bbox 587 334 811 408; baseline 0.013 -4"><span class='ocrx_word' id='word_1_1' title='bbox 587 334 737 405; x_wconf 74' lang='lat' dir='ltr'><strong>CAPUT</strong></span> <span class='ocrx_word' id='word_1_2' title='bbox 757 338 811 408; x_wconf 84' lang='grc'>28.</span> 
     </span>
    </p>
   </div>
   <div class='ocr_carea' id='block_1_2' title="bbox 52 515 1354 1034">
    <p class='ocr_par' dir='ltr' id='par_1_2' title="bbox 52 515 1346 598">
     <span class='ocr_line' id='line_1_2' title="bbox 52 515 1346 598; baseline -0.005 -15"><span class='ocrx_word' id='word_1_3' title='bbox 52 522 117 585; x_wconf 88' lang='lat' dir='ltr'>Ubi</span> <span class='ocrx_word' id='word_1_4' title='bbox 137 521 243 598; x_wconf 85' lang='lat' dir='ltr'>agitur,</span> <span class='ocrx_word' id='word_1_5' title='bbox 265 518 413 596; x_wconf 69' lang='lat' dir='ltr'>duomodo</span> <span class='ocrx_word' id='word_1_6' title='bbox 435 520 492 578; x_wconf 89' lang='lat' dir='ltr'>hae</span> <span class='ocrx_word' id='word_1_7' title='bbox 513 525 647 594; x_wconf 86' lang='lat' dir='ltr'>quatuor</span> <span class='ocrx_word' id='word_1_8' title='bbox 658 524 805 596; x_wconf 78' lang='lat' dir='ltr'>personas</span> <span class='ocrx_word' id='word_1_9' title='bbox 826 519 864 578; x_wconf 88' lang='lat' dir='ltr'>ad</span> <span class='ocrx_word' id='word_1_10' title='bbox 887 524 1023 578; x_wconf 86' lang='lat' dir='ltr'>senatum</span> <span class='ocrx_word' id='word_1_11' title='bbox 1045 516 1153 582; x_wconf 81' lang='lat' dir='ltr'>Novae</span> <span class='ocrx_word' id='word_1_12' title='bbox 1173 515 1255 576; x_wconf 88' lang='lat' dir='ltr'>urbis</span> <span class='ocrx_word' id='word_1_13' title='bbox 1272 517 1346 576; x_wconf 85' lang='lat' dir='ltr'>Pra-</span> 
     </span>
    </p>

    <p class='ocr_par' dir='ltr' id='par_1_3' title="bbox 52 600 1350 709">
     <span class='ocr_line' id='line_1_3' title="bbox 52 600 1350 709; baseline -0.004 -41"><span class='ocrx_word' id='word_1_14' title='bbox 52 608 157 688; x_wconf 80' lang='lat' dir='ltr'>gensis</span> <span class='ocrx_word' id='word_1_15' title='bbox 179 607 307 686; x_wconf 85' lang='lat' dir='ltr'>ingressi</span> <span class='ocrx_word' id='word_1_16' title='bbox 328 606 445 681; x_wconf 83' lang='lat' dir='ltr'>luerint,</span> <span class='ocrx_word' id='word_1_17' title='bbox 475 607 591 683; x_wconf 85' lang='lat' dir='ltr'>qualem</span> <span class='ocrx_word' id='word_1_18' title='bbox 613 622 779 666; x_wconf 86' lang='lat' dir='ltr'>sermonem</span> <span class='ocrx_word' id='word_1_19' title='bbox 799 600 1016 709; x_wconf 75' lang='lat' dir='ltr'>proposuerint,</span> <span class='ocrx_word' id='word_1_20' title='bbox 1048 613 1077 664; x_wconf 91' lang='lat' dir='ltr'>et</span> <span class='ocrx_word' id='word_1_21' title='bbox 1099 605 1187 680; x_wconf 89' lang='lat' dir='ltr'>quasi</span> <span class='ocrx_word' id='word_1_22' title='bbox 1209 624 1228 663; x_wconf 87' lang='lat' dir='ltr'>a</span> <span class='ocrx_word' id='word_1_23' title='bbox 1248 603 1350 663; x_wconf 84' lang='lat' dir='ltr'>Pilato</span> 
     </span>
    </p>

    <p class='ocr_par' dir='ltr' id='par_1_4' title="bbox 53 683 1352 767">
     <span class='ocr_line' id='line_1_4' title="bbox 53 683 1352 767; baseline -0.004 -13"><span class='ocrx_word' id='word_1_24' title='bbox 53 697 94 755; x_wconf 84' lang='lat' dir='ltr'>od</span> <span class='ocrx_word' id='word_1_25' title='bbox 117 695 321 754; x_wconf 85' lang='lat' dir='ltr'>Herodemet</span> <span class='ocrx_word' id='word_1_26' title='bbox 342 695 380 753; x_wconf 87' lang='lat' dir='ltr'>ab</span> <span class='ocrx_word' id='word_1_27' title='bbox 404 694 524 753; x_wconf 89' lang='lat' dir='ltr'>Herode</span> <span class='ocrx_word' id='word_1_28' title='bbox 553 691 592 749; x_wconf 91' lang='lat' dir='ltr'>ad</span> <span class='ocrx_word' id='word_1_29' title='bbox 613 690 747 752; x_wconf 81' lang='lat' dir='ltr'><strong>Pilatum</strong></span> <span class='ocrx_word' id='word_1_30' title='bbox 768 693 862 767; x_wconf 85' lang='lat' dir='ltr'>missi,</span> <span class='ocrx_word' id='word_1_31' title='bbox 896 698 926 751; x_wconf 90' lang='lat' dir='ltr'>et</span> <span class='ocrx_word' id='word_1_32' title='bbox 947 693 984 752; x_wconf 84' lang='lat' dir='ltr'>ab</span> <span class='ocrx_word' id='word_1_33' title='bbox 1006 683 1053 750; x_wconf 90' lang='lat' dir='ltr'>his</span> <span class='ocrx_word' id='word_1_34' title='bbox 1086 692 1182 751; x_wconf 86' lang='lat' dir='ltr'>denuo</span> <span class='ocrx_word' id='word_1_35' title='bbox 1208 690 1270 754; x_wconf 90' lang='lat' dir='ltr'>illis</span> <span class='ocrx_word' id='word_1_36' title='bbox 1292 699 1352 749; x_wconf 79' lang='lat' dir='ltr'>tra·</span> 
     </span>
    </p>

    <p class='ocr_par' dir='ltr' id='par_1_5' title="bbox 54 768 1351 881">
     <span class='ocr_line' id='line_1_5' title="bbox 54 768 1351 881; baseline -0.004 -39"><span class='ocrx_word' id='word_1_37' title='bbox 54 782 111 842; x_wconf 91' lang='lat' dir='ltr'>diti</span> <span class='ocrx_word' id='word_1_38' title='bbox 132 768 251 842; x_wconf 86' lang='lat' dir='ltr'>luerint.</span> <span class='ocrx_word' id='word_1_39' title='bbox 296 781 431 839; x_wconf 79' lang='lat' dir='ltr'><strong>Tandem</strong></span> <span class='ocrx_word' id='word_1_40' title='bbox 454 777 621 855; x_wconf 88' lang='lat' dir='ltr'>quaestioni</span> <span class='ocrx_word' id='word_1_41' title='bbox 629 772 808 857; x_wconf 86' lang='lat' dir='ltr'>subjicitur,</span> <span class='ocrx_word' id='word_1_42' title='bbox 831 778 967 854; x_wconf 91' lang='lat' dir='ltr'>quisnam</span> <span class='ocrx_word' id='word_1_43' title='bbox 989 776 1131 881; x_wconf 82' lang='lat' dir='ltr'>dignior</span> <span class='ocrx_word' id='word_1_44' title='bbox 1131 779 1221 838; x_wconf 85' lang='lat' dir='ltr'>laude</span> <span class='ocrx_word' id='word_1_45' title='bbox 1242 776 1291 847; x_wconf 84' lang='lat' dir='ltr'>sit,</span> <span class='ocrx_word' id='word_1_46' title='bbox 1313 795 1351 837; x_wconf 88' lang='lat' dir='ltr'>an</span> 
     </span>
    </p>

    <p class='ocr_par' dir='ltr' id='par_1_6' title="bbox 53 864 1354 1033">
     <span class='ocr_line' id='line_1_6' title="bbox 53 864 1354 963; baseline -0.005 -34"><span class='ocrx_word' id='word_1_47' title='bbox 53 870 117 946; x_wconf 83' lang='lat' dir='ltr'>iile,</span> <span class='ocrx_word' id='word_1_48' title='bbox 139 868 201 944; x_wconf 88' lang='lat' dir='ltr'>qui</span> <span class='ocrx_word' id='word_1_49' title='bbox 211 867 290 928; x_wconf 81' lang='lat' dir='ltr'>furta</span> <span class='ocrx_word' id='word_1_50' title='bbox 311 875 363 928; x_wconf 80' lang='lat' dir='ltr'>eut</span> <span class='ocrx_word' id='word_1_51' title='bbox 383 867 540 930; x_wconf 84' lang='lat' dir='ltr'>homicidia</span> <span class='ocrx_word' id='word_1_52' title='bbox 568 865 736 942; x_wconf 87' lang='lat' dir='ltr'>committit,</span> <span class='ocrx_word' id='word_1_53' title='bbox 772 887 810 926; x_wconf 87' lang='lat' dir='ltr'>an</span> <span class='ocrx_word' id='word_1_54' title='bbox 832 866 994 963; x_wconf 73' lang='lat' dir='ltr'>verolus,</span> <span class='ocrx_word' id='word_1_55' title='bbox 1032 866 1084 941; x_wconf 91' lang='lat' dir='ltr'>qui</span> <span class='ocrx_word' id='word_1_56' title='bbox 1112 865 1203 943; x_wconf 88' lang='lat' dir='ltr'>juste,</span> <span class='ocrx_word' id='word_1_57' title='bbox 1241 864 1291 943; x_wconf 86' lang='lat' dir='ltr'>pie</span> <span class='ocrx_word' id='word_1_58' title='bbox 1324 869 1354 922; x_wconf 79' lang='lat' dir='ltr'>a</span> 
     </span>
     <span class='ocr_line' id='line_1_7' title="bbox 552 951 855 1034; baseline 0.003 -23"><span class='ocrx_word' id='word_1_59' title='bbox 552 951 701 1034; x_wconf 80' lang='lat' dir='ltr'>pacifice</span> <span class='ocrx_word' id='word_1_60' title='bbox 699 968 733 1015; x_wconf 85' lang='lat' dir='ltr'>ss</span> <span class='ocrx_word' id='word_1_61' title='bbox 753 954 855 1033; x_wconf 78' lang='lat' dir='ltr'>gerit?</span> 
     </span>
    </p>
   </div>
   <div class='ocr_carea' id='block_1_3' title="bbox 54 1074 1401 4930">
    <p class='ocr_par' dir='ltr' id='par_1_7' title="bbox 54 1074 1401 4852">
     <span class='ocr_line' id='line_1_8' title="bbox 144 1074 1349 1194; baseline -0.006 -22"><span class='ocrx_word' id='word_1_62' title='bbox 144 1078 292 1172; x_wconf 78' lang='lat' dir='ltr'>Tandem</span> <span class='ocrx_word' id='word_1_63' title='bbox 314 1101 515 1185; x_wconf 78' lang='lat' dir='ltr'>diablentis,</span> <span class='ocrx_word' id='word_1_64' title='bbox 552 1109 667 1192; x_wconf 86' lang='lat' dir='ltr'>quarta</span> <span class='ocrx_word' id='word_1_65' title='bbox 687 1125 806 1193; x_wconf 81' lang='lat' dir='ltr'>nempe</span> <span class='ocrx_word' id='word_1_66' title='bbox 835 1101 889 1170; x_wconf 89' lang='lat' dir='ltr'>die</span> <span class='ocrx_word' id='word_1_67' title='bbox 915 1074 993 1194; x_wconf 88' lang='lat' dir='ltr'>post</span> <span class='ocrx_word' id='word_1_68' title='bbox 1012 1102 1133 1170; x_wconf 87' lang='lat' dir='ltr'>festum</span> <span class='ocrx_word' id='word_1_69' title='bbox 1155 1099 1349 1168; x_wconf 90' lang='lat' dir='ltr'>Sanctorum</span> 
     </span>
     <span class='ocr_line' id='line_1_9' title="bbox 57 1204 1350 1299; baseline -0.008 -21"><span class='ocrx_word' id='word_1_70' title='bbox 57 1210 205 1299; x_wconf 84' lang='lat' dir='ltr'>Philippi</span> <span class='ocrx_word' id='word_1_71' title='bbox 227 1219 259 1276; x_wconf 86' lang='lat' dir='ltr'>et</span> <span class='ocrx_word' id='word_1_72' title='bbox 279 1207 397 1274; x_wconf 90' lang='lat' dir='ltr'>Jacobi</span> <span class='ocrx_word' id='word_1_73' title='bbox 419 1209 462 1296; x_wconf 81' lang='lat'>(4</span> <span class='ocrx_word' id='word_1_74' title='bbox 473 1207 567 1298; x_wconf 83' lang='lat' dir='ltr'>Maj.)</span> <span class='ocrx_word' id='word_1_75' title='bbox 590 1208 653 1277; x_wconf 85' lang='lat' dir='ltr'>hae</span> <span class='ocrx_word' id='word_1_76' title='bbox 675 1219 817 1299; x_wconf 88' lang='lat' dir='ltr'>quatuor</span> <span class='ocrx_word' id='word_1_77' title='bbox 829 1231 991 1297; x_wconf 88' lang='lat' dir='ltr'>personae</span> <span class='ocrx_word' id='word_1_78' title='bbox 1002 1204 1251 1275; x_wconf 87' lang='lat' dir='ltr'>ascenderunt</span> <span class='ocrx_word' id='word_1_79' title='bbox 1239 1227 1276 1270; x_wconf 93' lang='grc' dir='ltr'>ιιι</span> <span class='ocrx_word' id='word_1_80' title='bbox 1297 1225 1350 1269; x_wconf 93' lang='lat' dir='ltr'>cu·</span> 
     </span>
     <span class='ocr_line' id='line_1_10' title="bbox 55 1311 1355 1403; baseline -0.005 -21"><span class='ocrx_word' id='word_1_81' title='bbox 55 1318 140 1383; x_wconf 80' lang='lat' dir='ltr'>riam</span> <span class='ocrx_word' id='word_1_82' title='bbox 156 1324 188 1381; x_wconf 87' lang='lat' dir='ltr'>et</span> <span class='ocrx_word' id='word_1_83' title='bbox 203 1318 354 1380; x_wconf 85' lang='lat' dir='ltr'>senatum</span> <span class='ocrx_word' id='word_1_84' title='bbox 363 1311 642 1400; x_wconf 85' lang='lat' dir='ltr'>Nec-Urbensem&#39;,</span> <span class='ocrx_word' id='word_1_85' title='bbox 660 1314 795 1403; x_wconf 89' lang='lat' dir='ltr'>illisque</span> <span class='ocrx_word' id='word_1_86' title='bbox 806 1313 908 1383; x_wconf 86' lang='lat' dir='ltr'>multa</span> <span class='ocrx_word' id='word_1_87' title='bbox 922 1314 1171 1403; x_wconf 82' lang='lat' dir='ltr'>proposuerunt,</span> <span class='ocrx_word' id='word_1_88' title='bbox 1194 1318 1355 1400; x_wconf 81' lang='lat' dir='ltr'>petentes,</span> 
     </span>
     <span class='ocr_line' id='line_1_11' title="bbox 54 1400 1354 1511; baseline -0.006 -24"><span class='ocrx_word' id='word_1_89' title='bbox 54 1428 93 1487; x_wconf 90' lang='lat' dir='ltr'>ut</span> <span class='ocrx_word' id='word_1_90' title='bbox 115 1419 250 1486; x_wconf 85' lang='lat' dir='ltr'>satisfiat</span> <span class='ocrx_word' id='word_1_91' title='bbox 273 1427 340 1511; x_wconf 85' lang='lat' dir='ltr'>tam</span> <span class='ocrx_word' id='word_1_92' title='bbox 360 1416 521 1494; x_wconf 83' lang='lat' dir='ltr'>voluntati</span> <span class='ocrx_word' id='word_1_93' title='bbox 541 1419 663 1506; x_wconf 81' lang='lat' dir='ltr'>regiae,</span> <span class='ocrx_word' id='word_1_94' title='bbox 686 1400 783 1508; x_wconf 77' lang='lat' dir='ltr'>quam</span> <span class='ocrx_word' id='word_1_95' title='bbox 794 1414 1023 1491; x_wconf 79' lang='lat' dir='ltr'>intercessioni</span> <span class='ocrx_word' id='word_1_96' title='bbox 1040 1416 1354 1484; x_wconf 84' lang='lat' dir='ltr'>dominorumcom·</span> 
     </span>
     <span class='ocr_line' id='line_1_12' title="bbox 55 1518 1353 1611; baseline -0.004 -22"><span class='ocrx_word' id='word_1_97' title='bbox 55 1523 279 1589; x_wconf 87' lang='lat' dir='ltr'>missariorum</span> <span class='ocrx_word' id='word_1_98' title='bbox 295 1520 460 1610; x_wconf 82' lang='lat' dir='ltr'>regiorum</span> <span class='ocrx_word' id='word_1_99' title='bbox 475 1543 535 1611; x_wconf 85' lang='lat' dir='ltr'>per</span> <span class='ocrx_word' id='word_1_100' title='bbox 552 1524 806 1603; x_wconf 76' lang='lat' dir='ltr'>transactionem</span> <span class='ocrx_word' id='word_1_101' title='bbox 821 1521 1038 1606; x_wconf 76' lang='lat' dir='ltr'>amicabilem,</span> <span class='ocrx_word' id='word_1_102' title='bbox 1061 1521 1252 1610; x_wconf 87' lang='lat' dir='ltr'>praesertim</span> <span class='ocrx_word' id='word_1_103' title='bbox 1267 1518 1353 1601; x_wconf 89' lang='lat' dir='ltr'>ideo,</span> 
     </span>
     <span class='ocr_line' id='line_1_13' title="bbox 56 1624 1355 1716; baseline -0.002 -22"><span class='ocrx_word' id='word_1_104' title='bbox 56 1629 134 1716; x_wconf 90' lang='lat' dir='ltr'>quia</span> <span class='ocrx_word' id='word_1_105' title='bbox 156 1627 370 1693; x_wconf 85' lang='lat' dir='ltr'>communitas</span> <span class='ocrx_word' id='word_1_106' title='bbox 392 1625 458 1692; x_wconf 72' lang='lat' dir='ltr'>illis</span> <span class='ocrx_word' id='word_1_107' title='bbox 480 1634 675 1715; x_wconf 82' lang='lat' dir='ltr'>potestatem</span> <span class='ocrx_word' id='word_1_108' title='bbox 697 1625 842 1706; x_wconf 76' lang='lat' dir='ltr'>tradidit,</span> <span class='ocrx_word' id='word_1_109' title='bbox 869 1635 905 1699; x_wconf 81' lang='lat' dir='ltr'>ut</span> <span class='ocrx_word' id='word_1_110' title='bbox 892 1625 969 1693; x_wconf 81' lang='lat' dir='ltr'>tde</span> <span class='ocrx_word' id='word_1_111' title='bbox 990 1627 1216 1694; x_wconf 76' lang='lat' dir='ltr'>transactione</span> <span class='ocrx_word' id='word_1_112' title='bbox 1232 1624 1355 1692; x_wconf 86' lang='lat' dir='ltr'>amica·</span> 
     </span>
     <span class='ocr_line' id='line_1_14' title="bbox 55 1728 1355 1821; baseline -0.002 -22"><span class='ocrx_word' id='word_1_113' title='bbox 55 1731 118 1800; x_wconf 91' lang='lat' dir='ltr'>bili</span> <span class='ocrx_word' id='word_1_114' title='bbox 139 1740 239 1819; x_wconf 87' lang='lat' dir='ltr'>agant</span> <span class='ocrx_word' id='word_1_115' title='bbox 260 1752 334 1798; x_wconf 87' lang='lat' dir='ltr'>cnm</span> <span class='ocrx_word' id='word_1_116' title='bbox 357 1731 518 1816; x_wconf 87' lang='lat' dir='ltr'>omnibns,</span> <span class='ocrx_word' id='word_1_117' title='bbox 552 1733 609 1821; x_wconf 84' lang='lat' dir='ltr'>qu&#39;i</span> <span class='ocrx_word' id='word_1_118' title='bbox 630 1732 795 1799; x_wconf 82' lang='lat' dir='ltr'>voluerint</span> <span class='ocrx_word' id='word_1_119' title='bbox 826 1753 919 1798; x_wconf 92' lang='lat' dir='ltr'>curn</span> <span class='ocrx_word' id='word_1_120' title='bbox 933 1729 1039 1797; x_wconf 90' lang='lat' dir='ltr'>illis&#39;</span> <span class='ocrx_word' id='word_1_121' title='bbox 1029 1731 1114 1797; x_wconf 87' lang='lat' dir='ltr'>mire</span> <span class='ocrx_word' id='word_1_122' title='bbox 1135 1728 1355 1801; x_wconf 79' lang='lat' dir='ltr'>concordiam.</span> 
     </span>
     <span class='ocr_line' id='line_1_15' title="bbox 56 1834 1355 1926; baseline -0.002 -23"><span class='ocrx_word' id='word_1_123' title='bbox 56 1835 113 1903; x_wconf 85' lang='lat' dir='ltr'>Ad</span> <span class='ocrx_word' id='word_1_124' title='bbox 134 1835 216 1906; x_wconf 86' lang='lat' dir='ltr'>haec</span> <span class='ocrx_word' id='word_1_125' title='bbox 238 1835 349 1904; x_wconf 90' lang='lat' dir='ltr'>datum</span> <span class='ocrx_word' id='word_1_126' title='bbox 363 1837 424 1904; x_wconf 86' lang='lat' dir='ltr'>fuit</span> <span class='ocrx_word' id='word_1_127' title='bbox 444 1837 726 1926; x_wconf 85' lang='lat' dir='ltr'>illisresponsum,</span> <span class='ocrx_word' id='word_1_128' title='bbox 749 1835 855 1926; x_wconf 89' lang='lat' dir='ltr'>quod,</span> <span class='ocrx_word' id='word_1_129' title='bbox 871 1836 1020 1925; x_wconf 85' lang='lat' dir='ltr'>quamvis</span> <span class='ocrx_word' id='word_1_130' title='bbox 1043 1834 1355 1903; x_wconf 87' lang='lat' dir='ltr'>communitashanc</span> 
     </span>
     <span class='ocr_line' id='line_1_16' title="bbox 56 1932 1356 2029; baseline -0.001 -25"><span class='ocrx_word' id='word_1_131' title='bbox 56 1938 124 2004; x_wconf 93' lang='lat' dir='ltr'>illis</span> <span class='ocrx_word' id='word_1_132' title='bbox 146 1948 340 2027; x_wconf 90' lang='lat' dir='ltr'>potestatem</span> <span class='ocrx_word' id='word_1_133' title='bbox 381 1941 561 2027; x_wconf 80' lang='lat' dir='ltr'>tradiderit,</span> <span class='ocrx_word' id='word_1_134' title='bbox 594 1941 659 2008; x_wconf 88' lang='lat' dir='ltr'>sint</span> <span class='ocrx_word' id='word_1_135' title='bbox 686 1950 796 2008; x_wconf 89' lang='lat' dir='ltr'>tamen</span> <span class='ocrx_word' id='word_1_136' title='bbox 827 1938 940 2025; x_wconf 87' lang='lat' dir='ltr'>adhuc</span> <span class='ocrx_word' id='word_1_137' title='bbox 964 1932 1054 2029; x_wconf 87' lang='lat' dir='ltr'>prius</span> <span class='ocrx_word' id='word_1_138' title='bbox 1081 1938 1179 2029; x_wconf 88' lang='lat' dir='ltr'>hujus</span> <span class='ocrx_word' id='word_1_139' title='bbox 1206 1939 1356 2004; x_wconf 89' lang='lat' dir='ltr'>intentio-</span> 
     </span>
     <span class='ocr_line' id='line_1_17' title="bbox 56 2037 1356 2134; baseline 0 -26"><span class='ocrx_word' id='word_1_140' title='bbox 56 2045 119 2127; x_wconf 86' lang='lat' dir='ltr'>nis,</span> <span class='ocrx_word' id='word_1_141' title='bbox 138 2044 292 2111; x_wconf 88' lang='lat' dir='ltr'>mittendi</span> <span class='ocrx_word' id='word_1_142' title='bbox 324 2067 444 2134; x_wconf 86' lang='lat' dir='ltr'>nempe</span> <span class='ocrx_word' id='word_1_143' title='bbox 467 2047 538 2112; x_wconf 88' lang='lat' dir='ltr'>sine</span> <span class='ocrx_word' id='word_1_144' title='bbox 575 2067 666 2112; x_wconf 89' lang='lat' dir='ltr'>mora</span> <span class='ocrx_word' id='word_1_145' title='bbox 697 2044 740 2111; x_wconf 89' lang='lat' dir='ltr'>ad</span> <span class='ocrx_word' id='word_1_146' title='bbox 762 2037 1085 2132; x_wconf 74' lang='lat' dir='ltr'>votano-Pragenses</span> <span class='ocrx_word' id='word_1_147' title='bbox 1122 2041 1280 2132; x_wconf 88' lang='lat' dir='ltr'>quosdam</span> <span class='ocrx_word' id='word_1_148' title='bbox 1314 2040 1356 2108; x_wconf 88' lang='lat' dir='ltr'>de</span> 
     </span>
     <span class='ocr_line' id='line_1_18' title="bbox 56 2145 1356 2243; baseline -0.002 -30"><span class='ocrx_word' id='word_1_149' title='bbox 56 2146 167 2213; x_wconf 88' lang='lat' dir='ltr'>medio</span> <span class='ocrx_word' id='word_1_150' title='bbox 190 2168 257 2224; x_wconf 87' lang='lat' dir='ltr'>suo,</span> <span class='ocrx_word' id='word_1_151' title='bbox 282 2156 410 2215; x_wconf 87' lang='lat' dir='ltr'>etcum</span> <span class='ocrx_word' id='word_1_152' title='bbox 433 2148 557 2216; x_wconf 85' lang='lat' dir='ltr'>eisdem</span> <span class='ocrx_word' id='word_1_153' title='bbox 578 2150 631 2216; x_wconf 86' lang='lat' dir='ltr'>his</span> <span class='ocrx_word' id='word_1_154' title='bbox 654 2148 695 2216; x_wconf 90' lang='lat' dir='ltr'>de</span> <span class='ocrx_word' id='word_1_155' title='bbox 717 2148 816 2219; x_wconf 86' lang='lat' dir='ltr'>rebus</span> <span class='ocrx_word' id='word_1_156' title='bbox 837 2146 983 2243; x_wconf 82' lang='lat' dir='ltr'>perfecte</span> <span class='ocrx_word' id='word_1_157' title='bbox 1007 2145 1216 2232; x_wconf 88' lang='lat' dir='ltr'>decernendi,</span> <span class='ocrx_word' id='word_1_158' title='bbox 1247 2146 1356 2212; x_wconf 82' lang='lat' dir='ltr'>maxi·</span> 
     </span>
     <span class='ocr_line' id='line_1_19' title="bbox 56 2246 1356 2345; baseline -0.001 -30"><span class='ocrx_word' id='word_1_159' title='bbox 56 2272 112 2316; x_wconf 87' lang='lat' dir='ltr'>me</span> <span class='ocrx_word' id='word_1_160' title='bbox 135 2249 178 2316; x_wconf 93' lang='lat' dir='ltr'>ob</span> <span class='ocrx_word' id='word_1_161' title='bbox 199 2250 288 2317; x_wconf 89' lang='lat' dir='ltr'>hanc</span> <span class='ocrx_word' id='word_1_162' title='bbox 310 2273 451 2333; x_wconf 87' lang='lat' dir='ltr'>oausam,</span> <span class='ocrx_word' id='word_1_163' title='bbox 484 2276 527 2320; x_wconf 90' lang='lat' dir='ltr'>ne</span> <span class='ocrx_word' id='word_1_164' title='bbox 559 2253 649 2321; x_wconf 80' lang='lat' dir='ltr'>forte·</span> <span class='ocrx_word' id='word_1_165' title='bbox 665 2253 825 2342; x_wconf 83' lang='lat' dir='ltr'>quaedam</span> <span class='ocrx_word' id='word_1_166' title='bbox 846 2276 1008 2345; x_wconf 86' lang='lat' dir='ltr'>personae</span> <span class='ocrx_word' id='word_1_167' title='bbox 1038 2252 1209 2321; x_wconf 87' lang='lat' dir='ltr'>demedio</span> <span class='ocrx_word' id='word_1_168' title='bbox 1232 2272 1291 2318; x_wconf 92' lang='lat' dir='ltr'>suo</span> <span class='ocrx_word' id='word_1_169' title='bbox 1314 2246 1356 2316; x_wconf 84' lang='lat' dir='ltr'>ab</span> 
     </span>
     <span class='ocr_line' id='line_1_20' title="bbox 64 2354 1358 2446; baseline -0.001 -27"><span class='ocrx_word' id='word_1_170' title='bbox 64 2354 132 2420; x_wconf 86' lang='lat' dir='ltr'>illis</span> <span class='ocrx_word' id='word_1_171' title='bbox 153 2362 340 2444; x_wconf 86' lang='lat' dir='ltr'>arguantur,</span> <span class='ocrx_word' id='word_1_172' title='bbox 374 2359 467 2446; x_wconf 87' lang='lat' dir='ltr'>quasi</span> <span class='ocrx_word' id='word_1_173' title='bbox 489 2356 649 2445; x_wconf 87' lang='lat' dir='ltr'>quaedam</span> <span class='ocrx_word' id='word_1_174' title='bbox 672 2358 1010 2443; x_wconf 85' lang='lat' dir='ltr'>contra&#39;bonestatem</span> <span class='ocrx_word' id='word_1_175' title='bbox 1040 2380 1133 2425; x_wconf 89' lang='lat' dir='ltr'>suam</span> <span class='ocrx_word' id='word_1_176' title='bbox 1152 2362 1302 2444; x_wconf 78' lang='lat' dir='ltr'>agerent¹</span> <span class='ocrx_word' id='word_1_177' title='bbox 1325 2361 1358 2419; x_wconf 89' lang='lat' dir='ltr'>et</span> 
     </span>
     <span class='ocr_line' id='line_1_21' title="bbox 65 2459 1357 2551; baseline 0.002 -29"><span class='ocrx_word' id='word_1_178' title='bbox 65 2466 175 2526; x_wconf 84' lang='lat' dir='ltr'>contra</span> <span class='ocrx_word' id='word_1_179' title='bbox 205 2459 322 2527; x_wconf 76' lang='lat' dir='ltr'>foedus</span> <span class='ocrx_word' id='word_1_180' title='bbox 355 2462 553 2528; x_wconf 87' lang='lat' dir='ltr'>unanimiter</span> <span class='ocrx_word' id='word_1_181' title='bbox 582 2462 708 2546; x_wconf 89' lang='lat' dir='ltr'>initum,</span> <span class='ocrx_word' id='word_1_182' title='bbox 743 2463 771 2528; x_wconf 91' lang='lat' dir='ltr'>si</span> <span class='ocrx_word' id='word_1_183' title='bbox 802 2461 872 2529; x_wconf 90' lang='lat' dir='ltr'>sine</span> <span class='ocrx_word' id='word_1_184' title='bbox 908 2463 1053 2551; x_wconf 87' lang='lat' dir='ltr'>ipsorum</span> <span class='ocrx_word' id='word_1_185' title='bbox 1085 2482 1248 2529; x_wconf 86' lang='lat' dir='ltr'>consensu</span> <span class='ocrx_word' id='word_1_186' title='bbox 1283 2479 1357 2525; x_wconf 91' lang='lat' dir='ltr'>cum</span> 
     </span>
     <span class='ocr_line' id='line_1_22' title="bbox 64 2561 1360 2649; baseline 0.002 -23"><span class='ocrx_word' id='word_1_187' title='bbox 64 2561 214 2630; x_wconf 86' lang='lat' dir='ltr'>exulibus</span> <span class='ocrx_word' id='word_1_188' title='bbox 242 2565 496 2630; x_wconf 81' lang='lat' dir='ltr'>transactionem</span> <span class='ocrx_word' id='word_1_189' title='bbox 525 2565 654 2630; x_wconf 90' lang='lat' dir='ltr'>inirent</span> <span class='ocrx_word' id='word_1_190' title='bbox 698 2564 763 2631; x_wconf 90' lang='lat' dir='ltr'>Hic</span> <span class='ocrx_word' id='word_1_191' title='bbox 796 2565 914 2632; x_wconf 88' lang='lat' dir='ltr'>iterum</span> <span class='ocrx_word' id='word_1_192' title='bbox 946 2566 1021 2634; x_wconf 88' lang='lat' dir='ltr'>finis</span> <span class='ocrx_word' id='word_1_193' title='bbox 1043 2568 1202 2634; x_wconf 83' lang='lat' dir='ltr'>sermonis</span> <span class='ocrx_word' id='word_1_194' title='bbox 1224 2565 1295 2649; x_wconf 79' lang='lat' dir='ltr'>fuit,</span> <span class='ocrx_word' id='word_1_195' title='bbox 1326 2572 1360 2630; x_wconf 87' lang='lat' dir='ltr'>et</span> 
     </span>
     <span class='ocr_line' id='line_1_23' title="bbox 60 2666 1357 2760; baseline 0.004 -29"><span class='ocrx_word' id='word_1_196' title='bbox 60 2669 225 2756; x_wconf 84' lang='lat' dir='ltr'>apparuit,</span> <span class='ocrx_word' id='word_1_197' title='bbox 256 2667 344 2756; x_wconf 82' lang='lat' dir='ltr'>quod</span> <span class='ocrx_word' id='word_1_198' title='bbox 364 2668 447 2734; x_wconf 89' lang='lat' dir='ltr'>nihil</span> <span class='ocrx_word' id='word_1_199' title='bbox 480 2691 523 2735; x_wconf 85' lang='lat' dir='ltr'>ex</span> <span class='ocrx_word' id='word_1_200' title='bbox 544 2668 613 2734; x_wconf 86' lang='lat' dir='ltr'>hae</span> <span class='ocrx_word' id='word_1_201' title='bbox 635 2666 843 2737; x_wconf 65' lang='lat' dir='ltr'>reuocationc</span> <span class='ocrx_word' id='word_1_202' title='bbox 874 2671 917 2738; x_wconf 86' lang='lat' dir='ltr'>ad</span> <span class='ocrx_word' id='word_1_203' title='bbox 937 2671 1262 2760; x_wconf 81' lang='lat' dir='ltr'>Vetero·Pragenses</span> <span class='ocrx_word' id='word_1_204' title='bbox 1282 2670 1357 2756; x_wconf 81' lang='lat' dir='ltr'>fiet3</span> 
     </span>
     <span class='ocr_line' id='line_1_24' title="bbox 58 2766 1357 2867; baseline 0.002 -29"><span class='ocrx_word' id='word_1_205' title='bbox 58 2792 137 2838; x_wconf 84' lang='lat' dir='ltr'>nam</span> <span class='ocrx_word' id='word_1_206' title='bbox 168 2772 328 2862; x_wconf 88' lang='lat' dir='ltr'>quomodo</span> <span class='ocrx_word' id='word_1_207' title='bbox 358 2781 453 2839; x_wconf 87' lang='lat' dir='ltr'>antea</span> <span class='ocrx_word' id='word_1_208' title='bbox 474 2772 790 2862; x_wconf 75' lang='lat' dir='ltr'>Vetere-Pragenses</span> <span class='ocrx_word' id='word_1_209' title='bbox 820 2768 855 2842; x_wconf 90' lang='lat' dir='ltr'>in</span> <span class='ocrx_word' id='word_1_210' title='bbox 870 2766 927 2842; x_wconf 80' lang='lat' dir='ltr'>&#39;his</span> <span class='ocrx_word' id='word_1_211' title='bbox 950 2779 1087 2865; x_wconf 85' lang='lat' dir='ltr'>egerint,</span> <span class='ocrx_word' id='word_1_212' title='bbox 1117 2779 1188 2867; x_wconf 89' lang='lat' dir='ltr'>jam</span> <span class='ocrx_word' id='word_1_213' title='bbox 1210 2774 1357 2866; x_wconf 88' lang='lat' dir='ltr'>praedio·</span> 
     </span>
     <span class='ocr_line' id='line_1_25' title="bbox 57 2873 1359 2950; baseline 0.002 -8"><span class='ocrx_word' id='word_1_214' title='bbox 57 2885 129 2943; x_wconf 88' lang='lat' dir='ltr'>tum</span> <span class='ocrx_word' id='word_1_215' title='bbox 161 2885 219 2944; x_wconf 87' lang='lat' dir='ltr'>est.</span> <span class='ocrx_word' id='word_1_216' title='bbox 243 2877 327 2943; x_wconf 81' lang='lat' dir='ltr'>inde</span> <span class='ocrx_word' id='word_1_217' title='bbox 348 2877 430 2945; x_wconf 89' lang='lat' dir='ltr'>baec</span> <span class='ocrx_word' id='word_1_218' title='bbox 452 2873 537 2944; x_wconf 84' lang='lat' dir='ltr'>actio</span> <span class='ocrx_word' id='word_1_219' title='bbox 559 2880 676 2945; x_wconf 89' lang='lat' dir='ltr'>iterum</span> <span class='ocrx_word' id='word_1_220' title='bbox 698 2879 876 2946; x_wconf 85' lang='lat' dir='ltr'>annihilata</span> <span class='ocrx_word' id='word_1_221' title='bbox 897 2881 958 2947; x_wconf 83' lang='lat' dir='ltr'>fuit</span> <span class='ocrx_word' id='word_1_222' title='bbox 979 2891 1092 2949; x_wconf 85' lang='lat' dir='ltr'>contra</span> <span class='ocrx_word' id='word_1_223' title='bbox 1113 2880 1359 2950; x_wconf 75' lang='lat' dir='ltr'>certamhuma·</span> 
     </span>
     <span class='ocr_line' id='line_1_26' title="bbox 65 2983 1359 3074; baseline 0.002 -26"><span class='ocrx_word' id='word_1_224' title='bbox 65 3003 145 3048; x_wconf 88' lang='lat' dir='ltr'>nam</span> <span class='ocrx_word' id='word_1_225' title='bbox 167 3004 268 3070; x_wconf 82' lang='lat' dir='ltr'>spem,</span> <span class='ocrx_word' id='word_1_226' title='bbox 290 2984 400 3050; x_wconf 89' lang='lat' dir='ltr'>nescio</span> <span class='ocrx_word' id='word_1_227' title='bbox 422 3005 483 3072; x_wconf 88' lang='lat' dir='ltr'>per</span> <span class='ocrx_word' id='word_1_228' title='bbox 497 2983 626 3071; x_wconf 87' lang='lat' dir='ltr'>qualem</span> <span class='ocrx_word' id='word_1_229' title='bbox 648 2984 733 3050; x_wconf 86' lang='lat' dir='ltr'>initii</span> <span class='ocrx_word' id='word_1_230' title='bbox 749 2985 990 3074; x_wconf 88' lang='lat' dir='ltr'>corruptionem</span> <span class='ocrx_word' id='word_1_231' title='bbox 1002 2988 1037 3052; x_wconf 91' lang='lat' dir='ltr'>in</span> <span class='ocrx_word' id='word_1_232' title='bbox 1052 2987 1232 3053; x_wconf 84' lang='lat' dir='ltr'>intentione</span> <span class='ocrx_word' id='word_1_233' title='bbox 1242 2984 1359 3051; x_wconf 88' lang='lat' dir='ltr'>horum</span> 
     </span>
     <span class='ocr_line' id='line_1_27' title="bbox 69 3082 1359 3178; baseline 0.002 -28"><span class='ocrx_word' id='word_1_234' title='bbox 69 3086 188 3172; x_wconf 81' lang='lat' dir='ltr'>magis,</span> <span class='ocrx_word' id='word_1_235' title='bbox 211 3108 307 3174; x_wconf 86' lang='lat' dir='ltr'>quarn</span> <span class='ocrx_word' id='word_1_236' title='bbox 327 3086 526 3175; x_wconf 90' lang='lat' dir='ltr'>reliquorum</span> <span class='ocrx_word' id='word_1_237' title='bbox 549 3086 591 3153; x_wconf 87' lang='lat' dir='ltr'>ad</span> <span class='ocrx_word' id='word_1_238' title='bbox 612 3087 734 3155; x_wconf 92' lang='lat' dir='ltr'>bonum</span> <span class='ocrx_word' id='word_1_239' title='bbox 756 3111 926 3178; x_wconf 85' lang='lat' dir='ltr'>propensa</span> <span class='ocrx_word' id='word_1_240' title='bbox 970 3089 1161 3158; x_wconf 87' lang='lat' dir='ltr'>Intellectus</span> <span class='ocrx_word' id='word_1_241' title='bbox 1194 3110 1272 3158; x_wconf 85' lang='lat' dir='ltr'>vero</span> <span class='ocrx_word' id='word_1_242' title='bbox 1293 3082 1359 3154; x_wconf 90' lang='lat' dir='ltr'>hu-</span> 
     </span>
     <span class='ocr_line' id='line_1_28' title="bbox 65 3183 1361 3284; baseline 0.001 -29"><span class='ocrx_word' id='word_1_243' title='bbox 65 3211 184 3256; x_wconf 88' lang='lat' dir='ltr'>manus</span> <span class='ocrx_word' id='word_1_244' title='bbox 207 3192 317 3257; x_wconf 88' lang='lat' dir='ltr'>omnia</span> <span class='ocrx_word' id='word_1_245' title='bbox 336 3192 508 3280; x_wconf 77' lang='lat' dir='ltr'>&#39;percipere</span> <span class='ocrx_word' id='word_1_246' title='bbox 528 3190 651 3282; x_wconf 77' lang='lat' dir='ltr'>potest3</span> <span class='ocrx_word' id='word_1_247' title='bbox 674 3215 735 3281; x_wconf 83' lang='lat' dir='ltr'>ego</span> <span class='ocrx_word' id='word_1_248' title='bbox 759 3195 845 3260; x_wconf 90' lang='lat' dir='ltr'>enim</span> <span class='ocrx_word' id='word_1_249' title='bbox 867 3216 946 3262; x_wconf 79' lang='lat' dir='ltr'>vero</span> <span class='ocrx_word' id='word_1_250' title='bbox 968 3194 1048 3261; x_wconf 91' lang='lat' dir='ltr'>illud</span> <span class='ocrx_word' id='word_1_251' title='bbox 1064 3217 1123 3284; x_wconf 88' lang='lat' dir='ltr'>pro</span> <span class='ocrx_word' id='word_1_252' title='bbox 1144 3205 1225 3262; x_wconf 82' lang='lat' dir='ltr'>vera</span> <span class='ocrx_word' id='word_1_253' title='bbox 1244 3183 1361 3280; x_wconf 83' lang='lat' dir='ltr'>regula</span> 
     </span>
     <span class='ocr_line' id='line_1_29' title="bbox 64 3285 1360 3391; baseline 0 -31"><span class='ocrx_word' id='word_1_254' title='bbox 64 3316 159 3391; x_wconf 52' lang='lat' dir='ltr'>gero,</span> <span class='ocrx_word' id='word_1_255' title='bbox 178 3295 265 3383; x_wconf 90' lang='lat' dir='ltr'>quod</span> <span class='ocrx_word' id='word_1_256' title='bbox 285 3318 448 3363; x_wconf 87' lang='lat' dir='ltr'>venenum</span> <span class='ocrx_word' id='word_1_257' title='bbox 468 3285 534 3362; x_wconf 89' lang='lat' dir='ltr'>non</span> <span class='ocrx_word' id='word_1_258' title='bbox 556 3305 634 3382; x_wconf 86' lang='lat' dir='ltr'>agat</span> <span class='ocrx_word' id='word_1_259' title='bbox 655 3298 690 3363; x_wconf 94' lang='lat' dir='ltr'>in</span> <span class='ocrx_word' id='word_1_260' title='bbox 720 3319 755 3363; x_wconf 88' lang='lat' dir='ltr'>se</span> <span class='ocrx_word' id='word_1_261' title='bbox 777 3297 892 3387; x_wconf 84' lang='lat' dir='ltr'>ipsum.</span> <span class='ocrx_word' id='word_1_262' title='bbox 923 3298 1008 3367; x_wconf 84' lang='lat' dir='ltr'>Hoc</span> <span class='ocrx_word' id='word_1_263' title='bbox 1028 3300 1107 3366; x_wconf 80' lang='lat' dir='ltr'>&#39;vero</span> <span class='ocrx_word' id='word_1_264' title='bbox 1128 3299 1236 3386; x_wconf 89' lang='lat' dir='ltr'>magis</span> <span class='ocrx_word' id='word_1_265' title='bbox 1257 3315 1360 3386; x_wconf 89' lang='lat' dir='ltr'>penos</span> 
     </span>
     <span class='ocr_line' id='line_1_30' title="bbox 64 3392 1360 3493; baseline 0.002 -29"><span class='ocrx_word' id='word_1_266' title='bbox 64 3399 403 3487; x_wconf 87' lang='lat' dir='ltr'>Antiquo·Urbenses‚</span> <span class='ocrx_word' id='word_1_267' title='bbox 426 3422 522 3487; x_wconf 91' lang='lat' dir='ltr'>quam</span> <span class='ocrx_word' id='word_1_268' title='bbox 543 3400 810 3490; x_wconf 83' lang='lat' dir='ltr'>Neo-Pragenses</span> <span class='ocrx_word' id='word_1_269' title='bbox 839 3402 1064 3493; x_wconf 88' lang='lat' dir='ltr'>reperiebatur</span> <span class='ocrx_word' id='word_1_270' title='bbox 1094 3425 1155 3493; x_wconf 87' lang='lat' dir='ltr'>por</span> <span class='ocrx_word' id='word_1_271' title='bbox 1175 3403 1247 3485; x_wconf 89' lang='lat' dir='ltr'>hoc,</span> <span class='ocrx_word' id='word_1_272' title='bbox 1272 3392 1360 3489; x_wconf 78' lang='lat' dir='ltr'>quod</span> 
     </span>
     <span class='ocr_line' id='line_1_31' title="bbox 57 3504 1358 3597; baseline 0.002 -30"><span class='ocrx_word' id='word_1_273' title='bbox 57 3504 130 3590; x_wconf 87' lang='lat' dir='ltr'>jam</span> <span class='ocrx_word' id='word_1_274' title='bbox 152 3525 172 3568; x_wconf 91' lang='lat' dir='ltr'>a</span> <span class='ocrx_word' id='word_1_275' title='bbox 194 3504 299 3592; x_wconf 85' lang='lat' dir='ltr'>longis</span> <span class='ocrx_word' id='word_1_276' title='bbox 321 3505 518 3593; x_wconf 89' lang='lat' dir='ltr'>temporibus</span> <span class='ocrx_word' id='word_1_277' title='bbox 539 3504 633 3597; x_wconf 67' lang='lat' dir='ltr'>Nona</span> <span class='ocrx_word' id='word_1_278' title='bbox 662 3507 778 3573; x_wconf 83' lang='lat' dir='ltr'>civitas</span> <span class='ocrx_word' id='word_1_279' title='bbox 800 3507 842 3575; x_wconf 85' lang='lat' dir='ltr'>ab</span> <span class='ocrx_word' id='word_1_280' title='bbox 864 3508 1010 3597; x_wconf 90' lang='lat' dir='ltr'>Antiqua</span> <span class='ocrx_word' id='word_1_281' title='bbox 1032 3511 1264 3575; x_wconf 88' lang='lat' dir='ltr'>sententiarum</span> <span class='ocrx_word' id='word_1_282' title='bbox 1284 3525 1358 3593; x_wconf 93' lang='lat' dir='ltr'>pro-</span> 
     </span>
     <span class='ocr_line' id='line_1_32' title="bbox 62 3602 1362 3699; baseline 0.001 -26"><span class='ocrx_word' id='word_1_283' title='bbox 62 3608 269 3674; x_wconf 86' lang='lat' dir='ltr'>vocationem</span> <span class='ocrx_word' id='word_1_284' title='bbox 293 3611 468 3697; x_wconf 88' lang='lat' dir='ltr'>sumpserit</span> <span class='ocrx_word' id='word_1_285' title='bbox 489 3618 548 3676; x_wconf 88' lang='lat' dir='ltr'>etc.</span> <span class='ocrx_word' id='word_1_286' title='bbox 593 3602 659 3692; x_wconf 78' lang='lat' dir='ltr'>Qui</span> <span class='ocrx_word' id='word_1_287' title='bbox 680 3611 881 3679; x_wconf 87' lang='lat' dir='ltr'>intellectum</span> <span class='ocrx_word' id='word_1_288' title='bbox 899 3602 1009 3680; x_wconf 60' lang='lat' dir='ltr'>&#39;habet</span> <span class='ocrx_word' id='word_1_289' title='bbox 1037 3613 1080 3680; x_wconf 85' lang='lat' dir='ltr'>ad</span> <span class='ocrx_word' id='word_1_290' title='bbox 1100 3609 1362 3699; x_wconf 79' lang='lat' dir='ltr'>intelligendam,</span> 
     </span>
     <span class='ocr_line' id='line_1_33' title="bbox 62 3707 1362 3806; baseline 0.003 -30"><span class='ocrx_word' id='word_1_291' title='bbox 62 3711 247 3798; x_wconf 74' lang='lat' dir='ltr'>intelligat!</span> <span class='ocrx_word' id='word_1_292' title='bbox 292 3712 396 3779; x_wconf 86' lang='lat' dir='ltr'>Simul</span> <span class='ocrx_word' id='word_1_293' title='bbox 417 3714 515 3778; x_wconf 88' lang='lat' dir='ltr'>etiam</span> <span class='ocrx_word' id='word_1_294' title='bbox 538 3713 616 3779; x_wconf 89' lang='lat' dir='ltr'>sciri</span> <span class='ocrx_word' id='word_1_295' title='bbox 638 3713 745 3802; x_wconf 74' lang='lat' dir='ltr'>debet,</span> <span class='ocrx_word' id='word_1_296' title='bbox 775 3724 811 3782; x_wconf 87' lang='lat' dir='ltr'>ut</span> <span class='ocrx_word' id='word_1_297' title='bbox 833 3718 1089 3806; x_wconf 89' lang='lat' dir='ltr'>suprascriptum</span> <span class='ocrx_word' id='word_1_298' title='bbox 1110 3707 1180 3802; x_wconf 82' lang='lat' dir='ltr'>fuit,</span> <span class='ocrx_word' id='word_1_299' title='bbox 1205 3713 1290 3805; x_wconf 88' lang='lat' dir='ltr'>quod</span> <span class='ocrx_word' id='word_1_300' title='bbox 1314 3714 1362 3781; x_wconf 91' lang='lat' dir='ltr'>si-</span> 
     </span>
     <span class='ocr_line' id='line_1_34' title="bbox 65 3815 1363 3906; baseline 0.002 -24"><span class='ocrx_word' id='word_1_301' title='bbox 65 3815 219 3882; x_wconf 88' lang='lat' dir='ltr'>cutiliae</span> <span class='ocrx_word' id='word_1_302' title='bbox 242 3825 379 3905; x_wconf 88' lang='lat' dir='ltr'>quatuor</span> <span class='ocrx_word' id='word_1_303' title='bbox 399 3839 560 3906; x_wconf 89' lang='lat' dir='ltr'>personae</span> <span class='ocrx_word' id='word_1_304' title='bbox 587 3818 735 3886; x_wconf 90' lang='lat' dir='ltr'>incuria</span> <span class='ocrx_word' id='word_1_305' title='bbox 757 3827 790 3886; x_wconf 89' lang='lat' dir='ltr'>et</span> <span class='ocrx_word' id='word_1_306' title='bbox 821 3820 885 3887; x_wconf 87' lang='lat' dir='ltr'>hac</span> <span class='ocrx_word' id='word_1_307' title='bbox 907 3822 1139 3889; x_wconf 85' lang='lat' dir='ltr'>communitate</span> <span class='ocrx_word' id='word_1_308' title='bbox 1161 3844 1196 3889; x_wconf 88' lang='lat' dir='ltr'>se</span> <span class='ocrx_word' id='word_1_309' title='bbox 1218 3820 1363 3901; x_wconf 84' lang='lat' dir='ltr'>insinua·</span> 
     </span>
     <span class='ocr_line' id='line_1_35' title="bbox 64 3916 1365 4014; baseline 0.001 -26"><span class='ocrx_word' id='word_1_310' title='bbox 64 3928 192 4004; x_wconf 85' lang='lat' dir='ltr'>verunt,</span> <span class='ocrx_word' id='word_1_311' title='bbox 227 3920 313 4009; x_wconf 79' lang='lat' dir='ltr'>quod</span> <span class='ocrx_word' id='word_1_312' title='bbox 346 3920 480 3987; x_wconf 89' lang='lat' dir='ltr'>cuilibet</span> <span class='ocrx_word' id='word_1_313' title='bbox 509 3918 550 3986; x_wconf 91' lang='lat' dir='ltr'>de</span> <span class='ocrx_word' id='word_1_314' title='bbox 568 3917 733 3990; x_wconf 79' lang='lat' dir='ltr'>¹omnibus</span> <span class='ocrx_word' id='word_1_315' title='bbox 767 3923 969 3992; x_wconf 86' lang='lat' dir='ltr'>satisfacere.</span> <span class='ocrx_word' id='word_1_316' title='bbox 984 3916 1117 4011; x_wconf 84' lang='lat' dir='ltr'>vellent,</span> <span class='ocrx_word' id='word_1_317' title='bbox 1152 3925 1207 4014; x_wconf 90' lang='lat' dir='ltr'>qui</span> <span class='ocrx_word' id='word_1_318' title='bbox 1239 3922 1365 4013; x_wconf 85' lang='lat' dir='ltr'>aliquid</span> 
     </span>
     <span class='ocr_line' id='line_1_36' title="bbox 64 4024 1365 4119; baseline 0.002 -28"><span class='ocrx_word' id='word_1_319' title='bbox 64 4032 255 4113; x_wconf 87' lang='lat' dir='ltr'>opponeret,</span> <span class='ocrx_word' id='word_1_320' title='bbox 277 4024 385 4091; x_wconf 90' lang='lat' dir='ltr'>nullus</span> <span class='ocrx_word' id='word_1_321' title='bbox 406 4047 485 4092; x_wconf 85' lang='lat' dir='ltr'>vero</span> <span class='ocrx_word' id='word_1_322' title='bbox 509 4046 544 4092; x_wconf 91' lang='lat' dir='ltr'>se</span> <span class='ocrx_word' id='word_1_323' title='bbox 572 4025 798 4094; x_wconf 87' lang='lat' dir='ltr'>insinuaverit.</span> <span class='ocrx_word' id='word_1_324' title='bbox 829 4029 952 4119; x_wconf 18' lang='lat' dir='ltr'>‘Etiam</span> <span class='ocrx_word' id='word_1_325' title='bbox 979 4029 1043 4096; x_wconf 91' lang='lat' dir='ltr'>hoc</span> <span class='ocrx_word' id='word_1_326' title='bbox 1064 4030 1162 4097; x_wconf 90' lang='lat' dir='ltr'>modo</span> <span class='ocrx_word' id='word_1_327' title='bbox 1184 4039 1261 4119; x_wconf 86' lang='lat' dir='ltr'>ante</span> <span class='ocrx_word' id='word_1_328' title='bbox 1281 4028 1365 4095; x_wconf 86' lang='lat' dir='ltr'>haec</span> 
     </span>
     <span class='ocr_line' id='line_1_37' title="bbox 66 4127 1365 4225; baseline 0.004 -30"><span class='ocrx_word' id='word_1_329' title='bbox 66 4129 262 4218; x_wconf 90' lang='lat' dir='ltr'>quibusdam</span> <span class='ocrx_word' id='word_1_330' title='bbox 274 4127 564 4195; x_wconf 89' lang='lat' dir='ltr'>Neo-Urbe&#39;nsibus</span> <span class='ocrx_word' id='word_1_331' title='bbox 587 4128 714 4198; x_wconf 84' lang='lat' dir='ltr'>civibus</span> <span class='ocrx_word' id='word_1_332' title='bbox 728 4131 850 4199; x_wconf 85' lang='lat' dir='ltr'>factum</span> <span class='ocrx_word' id='word_1_333' title='bbox 871 4128 979 4215; x_wconf 81' lang='lat' dir='ltr'>fuerit,</span> <span class='ocrx_word' id='word_1_334' title='bbox 1003 4133 1080 4201; x_wconf 91' lang='lat' dir='ltr'>dum</span> <span class='ocrx_word' id='word_1_335' title='bbox 1089 4133 1204 4225; x_wconf 72' lang='lat' dir='ltr'>Gallus</span> <span class='ocrx_word' id='word_1_336' title='bbox 1215 4132 1365 4225; x_wconf 79' lang='lat' dir='ltr'>Onobara</span> 
     </span>
     <span class='ocr_line' id='line_1_38' title="bbox 65 4231 1364 4331; baseline 0.002 -30"><span class='ocrx_word' id='word_1_337' title='bbox 65 4234 308 4301; x_wconf 87' lang='lat' dir='ltr'>administrator</span> <span class='ocrx_word' id='word_1_338' title='bbox 341 4233 531 4331; x_wconf 85' lang='lat' dir='ltr'>adhortatus</span> <span class='ocrx_word' id='word_1_339' title='bbox 566 4231 641 4300; x_wconf 90' lang='lat' dir='ltr'>illos</span> <span class='ocrx_word' id='word_1_340' title='bbox 673 4234 736 4301; x_wconf 87' lang='lat' dir='ltr'>fuit</span> <span class='ocrx_word' id='word_1_341' title='bbox 767 4234 810 4302; x_wconf 89' lang='lat' dir='ltr'>ad</span> <span class='ocrx_word' id='word_1_342' title='bbox 840 4241 1073 4306; x_wconf 87' lang='lat' dir='ltr'>correctionem</span> <span class='ocrx_word' id='word_1_343' title='bbox 1108 4236 1364 4307; x_wconf 79' lang='lat' dir='ltr'>ecclesiasticam</span> 
     </span>
     <span class='ocr_line' id='line_1_39' title="bbox 67 4326 1365 4434; baseline 0.002 -29"><span class='ocrx_word' id='word_1_344' title='bbox 67 4338 165 4405; x_wconf 87' lang='lat' dir='ltr'>modo</span> <span class='ocrx_word' id='word_1_345' title='bbox 186 4326 299 4427; x_wconf 85' lang='lat' dir='ltr'>priori,</span> <span class='ocrx_word' id='word_1_346' title='bbox 321 4338 371 4404; x_wconf 93' lang='lat' dir='ltr'>illi</span> <span class='ocrx_word' id='word_1_347' title='bbox 392 4361 471 4406; x_wconf 87' lang='lat' dir='ltr'>vero</span> <span class='ocrx_word' id='word_1_348' title='bbox 495 4360 530 4405; x_wconf 89' lang='lat' dir='ltr'>se</span> <span class='ocrx_word' id='word_1_349' title='bbox 553 4350 773 4429; x_wconf 89' lang='lat' dir='ltr'>opposuerunt</span> <span class='ocrx_word' id='word_1_350' title='bbox 794 4355 989 4422; x_wconf 88' lang='lat' dir='ltr'>revocantes</span> <span class='ocrx_word' id='word_1_351' title='bbox 1011 4367 1047 4412; x_wconf 89' lang='lat' dir='ltr'>se</span> <span class='ocrx_word' id='word_1_352' title='bbox 1070 4344 1217 4434; x_wconf 88' lang='lat' dir='ltr'>adjura,</span> <span class='ocrx_word' id='word_1_353' title='bbox 1241 4345 1269 4410; x_wconf 91' lang='lat' dir='ltr'>si</span> <span class='ocrx_word' id='word_1_354' title='bbox 1292 4341 1365 4432; x_wconf 90' lang='lat' dir='ltr'>quis</span> 
     </span>
     <span class='ocr_line' id='line_1_40' title="bbox 67 4441 1365 4534; baseline 0.002 -24"><span class='ocrx_word' id='word_1_355' title='bbox 67 4445 142 4511; x_wconf 87' lang='lat' dir='ltr'>illos</span> <span class='ocrx_word' id='word_1_356' title='bbox 164 4444 199 4509; x_wconf 90' lang='lat' dir='ltr'>in</span> <span class='ocrx_word' id='word_1_357' title='bbox 229 4465 265 4508; x_wconf 90' lang='lat' dir='ltr'>re</span> <span class='ocrx_word' id='word_1_358' title='bbox 299 4441 439 4530; x_wconf 87' lang='lat' dir='ltr'>quadam</span> <span class='ocrx_word' id='word_1_359' title='bbox 468 4442 601 4531; x_wconf 90' lang='lat' dir='ltr'>cuipare</span> <span class='ocrx_word' id='word_1_360' title='bbox 629 4443 738 4529; x_wconf 85' lang='lat' dir='ltr'>vellet,</span> <span class='ocrx_word' id='word_1_361' title='bbox 774 4444 891 4534; x_wconf 91' lang='lat' dir='ltr'>quibus</span> <span class='ocrx_word' id='word_1_362' title='bbox 924 4448 1149 4531; x_wconf 26' lang='lat' dir='ltr'>eidemssfactis</span> <span class='ocrx_word' id='word_1_363' title='bbox 1170 4448 1365 4516; x_wconf 88' lang='lat' dir='ltr'>resistentiis</span> 
     </span>
     <span class='ocr_line' id='line_1_41' title="bbox 66 4545 1365 4638; baseline 0.005 -24"><span class='ocrx_word' id='word_1_364' title='bbox 66 4547 190 4614; x_wconf 90' lang='lat' dir='ltr'>abillo</span> <span class='ocrx_word' id='word_1_365' title='bbox 220 4545 339 4611; x_wconf 88' lang='lat' dir='ltr'>auditis</span> <span class='ocrx_word' id='word_1_366' title='bbox 369 4547 477 4611; x_wconf 90' lang='lat' dir='ltr'>omnia</span> <span class='ocrx_word' id='word_1_367' title='bbox 506 4546 635 4613; x_wconf 88' lang='lat' dir='ltr'>silentio</span> <span class='ocrx_word' id='word_1_368' title='bbox 666 4551 834 4637; x_wconf 88' lang='lat' dir='ltr'>praeteriit</span> <span class='ocrx_word' id='word_1_369' title='bbox 866 4573 942 4619; x_wconf 88' lang='lat' dir='ltr'>cum</span> <span class='ocrx_word' id='word_1_370' title='bbox 971 4553 1122 4623; x_wconf 89' lang='lat' dir='ltr'>omnibus</span> <span class='ocrx_word' id='word_1_371' title='bbox 1156 4547 1253 4622; x_wconf 85' lang='lat' dir='ltr'>sociis</span> <span class='ocrx_word' id='word_1_372' title='bbox 1287 4553 1365 4638; x_wconf 82' lang='lat' dir='ltr'>suis,</span> 
     </span>
     <span class='ocr_line' id='line_1_42' title="bbox 68 4642 1368 4747; baseline 0.006 -30"><span class='ocrx_word' id='word_1_373' title='bbox 68 4652 147 4717; x_wconf 89' lang='lat' dir='ltr'>dum</span> <span class='ocrx_word' id='word_1_374' title='bbox 177 4672 296 4738; x_wconf 87' lang='lat' dir='ltr'>nempe</span> <span class='ocrx_word' id='word_1_375' title='bbox 334 4668 399 4714; x_wconf 91' lang='lat' dir='ltr'>non</span> <span class='ocrx_word' id='word_1_376' title='bbox 434 4652 539 4739; x_wconf 87' lang='lat' dir='ltr'>potuit</span> <span class='ocrx_word' id='word_1_377' title='bbox 572 4653 756 4741; x_wconf 89' lang='lat' dir='ltr'>quempiam</span> <span class='ocrx_word' id='word_1_378' title='bbox 781 4656 873 4743; x_wconf 87' lang='lat' dir='ltr'>juste</span> <span class='ocrx_word' id='word_1_379' title='bbox 906 4655 1056 4747; x_wconf 82' lang='lat' dir='ltr'>culpare3</span> <span class='ocrx_word' id='word_1_380' title='bbox 1089 4661 1167 4728; x_wconf 87' lang='lat' dir='ltr'>laici</span> <span class='ocrx_word' id='word_1_381' title='bbox 1195 4658 1304 4747; x_wconf 76' lang='lat' dir='ltr'>itaque</span> <span class='ocrx_word' id='word_1_382' title='bbox 1334 4642 1368 4726; x_wconf 82' lang='lat' dir='ltr'>et</span> 
     </span>
     <span class='ocr_line' id='line_1_43' title="bbox 69 4753 1401 4852; baseline -0.001 -31"><span class='ocrx_word' id='word_1_383' title='bbox 69 4755 183 4824; x_wconf 84' lang='lat' dir='ltr'>clerici</span> <span class='ocrx_word' id='word_1_384' title='bbox 204 4754 287 4822; x_wconf 91' lang='lat' dir='ltr'>illud</span> <span class='ocrx_word' id='word_1_385' title='bbox 310 4757 345 4823; x_wconf 89' lang='lat' dir='ltr'>in</span> <span class='ocrx_word' id='word_1_386' title='bbox 368 4775 404 4822; x_wconf 87' lang='lat' dir='ltr'>se</span> <span class='ocrx_word' id='word_1_387' title='bbox 426 4754 514 4823; x_wconf 84' lang='lat' dir='ltr'>clare</span> <span class='ocrx_word' id='word_1_388' title='bbox 529 4753 806 4846; x_wconf 80' lang='lat' dir='ltr'>demonstrarunt,</span> <span class='ocrx_word' id='word_1_389' title='bbox 826 4760 919 4852; x_wconf 79' lang='lat' dir='ltr'>quod</span> <span class='ocrx_word' id='word_1_390' title='bbox 931 4762 1024 4832; x_wconf 81' lang='lat' dir='ltr'>sient</span> <span class='ocrx_word' id='word_1_391' title='bbox 1040 4765 1227 4852; x_wconf 52' lang='lat' dir='ltr'>priussxta</span> <span class='ocrx_word' id='word_1_392' title='bbox 1245 4769 1288 4824; x_wconf 60' lang='lat' dir='ltr'>et</span> <span class='ocrx_word' id='word_1_393' title='bbox 1298 4777 1401 4822; x_wconf 69' lang='lat' dir='ltr'>naas.</span> 
     </span>
    </p>

    <p class='ocr_par' dir='ltr' id='par_1_8' title="bbox 1129 4861 1198 4930">
     <span class='ocr_line' id='line_1_44' title="bbox 1129 4861 1198 4930; baseline 0.029 -2"><span class='ocrx_word' id='word_1_394' title='bbox 1129 4861 1198 4930; x_wconf 67' lang='lat' dir='ltr'>rt*</span> 
     </span>
    </p>
   </div>
   <div class='ocr_carea' id='block_1_4' title="bbox 0 0 1496 5040">
    <p class='ocr_par' dir='ltr' id='par_1_9' title="bbox 0 0 1496 5040">
     <span class='ocr_line' id='line_1_45' title="bbox 0 0 1496 5040; baseline 0 0"><span class='ocrx_word' id='word_1_395' title='bbox 0 0 1496 5040; x_wconf 95' lang='lat' dir='ltr'> </span> 
     </span>
    </p>
   </div>
  </div>
 </body>
</html>
