2948 5040
1272 131 1318 205 25

94 418 211 505 ·1tem;
234 440 309 486 oum
331 420 496 506 cognitum
517 418 624 503 fixerit,
649 416 735 508 quod
758 422 996 483 smmmentmn
1017 416 1164 503 eorporis
1186 424 1218 482 et
1241 437 1316 483 san-

52 521 135 588 ninis
158 522 280 590 Christi
302 523 437 589 Domini
468 525 504 589 in
525 523 776 613 vilipensionem
797 520 908 587 datum
939 527 973 585 et
993 527 1176 608 suseeptum
1199 520 1250 603 sit,
1273 519 1315 587 oh

52 626 124 713 sepe
146 627 278 692 iteratas
301 627 511 717 sumptiones,
534 634 568 693 et
589 625 705 715 populi
727 624 769 691 ad
792 624 874 691 haee
902 624 1055 711 indignas
1078 632 1111 689 et
1131 625 1316 690 inaestima-

52 748 72 794 s
96 728 324 815 admissiones,
359 732 443 797 siout
465 739 498 796 et
519 753 578 819 per
598 731 785 820 frequentes
819 730 1013 795 saommenti
1033 730 1068 793 in
1092 729 1239 794 eeclesiis
1261 751 1317 795 ex·

52 835 211 919 tuitiones,
233 834 276 901 ad
298 835 380 902 haee
402 842 434 902 et
454 843 588 924 propter
624 833 801 901 conductas
824 834 1067 921 superstitiosas
1089 834 1208 898 missae
1231 831 1314 898 eele-

52 940 206 1024 ustiones,
230 947 426 1028 quapropter
447 959 582 1004 neeesse
605 959 678 1003 esse
699 937 839 1020 videtur,
861 946 897 1002 ut
919 937 978 1020 illi,
1002 937 1058 1024 qui
1074 937 1314 1003 communicare

52 1042 191 1126 >luerint
226 1052 291 1107 tam
313 1042 410 1107 facile
431 1064 497 1108 non
519 1041 740 1125 admittantur,
776 1043 848 1107 sine
871 1042 1006 1129 praevia
1026 1041 1247 1128 inquisitione,
1270 1062 1313 1105 an

52 1156 169 1231 ineant,
194 1146 273 1234 quid
295 1148 337 1212 sit
359 1168 460 1213 coena
482 1146 616 1229 domini,
651 1146 730 1233 quid
762 1146 840 1212 boni
872 1152 905 1211 et
936 1145 1060 1212 fruetus
1091 1143 1246 1210 adferat?
1279 1145 1315 1209 in

52 1272 72 1316 s
96 1251 248 1317 omnibus
270 1272 291 1316 a
314 1250 534 1318 sacerdotibus
556 1252 647 1338 prius
670 1251 905 1318 admoneantur
927 1258 960 1317 et
980 1250 1189 1333 instruantur,
1212 1256 1249 1314 nt
1270 1270 1314 1315 ex

52 1376 102 1423 era
129 1352 195 1419 fide
228 1353 310 1420 haee
344 1364 453 1440 agant
497 1355 687 1422 Conduotae
719 1365 826 1421 autem
856 1362 890 1420 et
922 1355 1165 1443 superstitiosae
1194 1353 1315 1418 missae

52 1458 258 1526 slehrationes
280 1469 418 1541 oessent,
451 1461 526 1546 quia
548 1461 629 1525 eitra
651 1461 914 1525 constitutionem
929 1457 1051 1524 Christi
1072 1457 1209 1524 Domini
1223 1456 1313 1521 fiant.

52 1561 118 1629 uod
147 1564 262 1628 attinet
284 1564 520 1650 expositionem
542 1564 686 1651 eorporis
698 1562 821 1630 Christi
837 1562 982 1645 Domini,
1004 1560 1190 1648 ubieunque
1215 1582 1317 1649 expo·

52 1668 96 1733 tio
117 1666 200 1733 haee
230 1676 383 1733 consueta
404 1676 551 1751 nonest,
584 1690 626 1734 ne
655 1670 691 1733 in
723 1668 774 1733 his
807 1668 1005 1753 oontemptui
1036 1674 1226 1755 exponatur,
1261 1663 1316 1730 vel

52 1770 76 1835 si
98 1771 215 1835 iterum
237 1769 375 1859 populus
396 1770 431 1835 id
452 1770 524 1836 fieri
546 1769 719 1854 desiderat,
751 1777 886 1858 repente
908 1791 974 1836 non
1004 1771 1184 1857 priventur,
1207 1767 1312 1834 donee

52 1894 77 1939 u·
101 1872 275 1940 lectionem
297 1875 386 1962 piam
408 1875 593 1941 successive
614 1877 650 1939 in
672 1874 760 1939 omni
781 1872 939 1939 eharitate
961 1873 1081 1939 abinde
1118 1881 1316 1942 avertantur.

65 2106 68 2111 ·
105 2079 209 2166 Item3
232 2083 336 2146 omnis
359 2081 584 2147 determinatio
620 2079 661 2147 de
684 2089 886 2147 sacramento
920 2082 1065 2169 eorporis
1088 2089 1121 2147 et
1142 2083 1310 2168 sanguinis

52 2182 149 2249 hristi
175 2187 271 2271 juxta
302 2186 464 2273 superflua
492 2187 658 2252 hominum
686 2185 814 2275 judicia
852 2186 1016 2251 iruotuose
1049 2187 1234 2251 conservari
1263 2184 1318 2251 vol

52 2288 130 2353 nisti
150 2298 265 2375 potest,
290 2289 348 2353 sed
364 2289 553 2377 simpliciter
568 2289 744 2356 seeundum
760 2289 1020 2356 constitutionem
1037 2300 1069 2355 et
1094 2290 1315 2356 testimonium

52 2392 146 2459 tristi
160 2393 294 2457 Domini
316 2395 503 2459 aestimetur
525 2403 557 2460 et
578 2394 735 2479 credatur,
759 2393 844 2459 nihil
866 2393 1015 2460 addendo
1042 2395 1096 2461 vel
1120 2392 1307 2478 minuendo,

52 2498 97 2563 da
116 2518 235 2584 eorpus
258 2506 291 2563 et
312 2499 503 2585 sangninem
525 2521 618 2565 snum
648 2498 708 2566 suh
743 2499 913 2587 speciebus
945 2501 1039 2587 panis
1073 2509 1105 2565 et
1137 2501 1215 2581 vini,
1249 2498 1311 2564 sub

52 2620 157 2688 reque
176 2621 295 2689 nempe
318 2603 427 2689 specie
448 2600 535 2667 olero
558 2610 588 2667 et
609 2602 729 2690 populo
759 2603 802 2669 ad
835 2603 1028 2670 sumendum
1064 2603 1099 2667 in
1120 2603 1311 2669 memoriam

53 2705 136 2773 ortis
157 2714 191 2772 et
218 2705 448 2773 beneficiorum
471 2727 602 2771 suorum
622 2706 770 2790 instituit,
803 2708 849 2772 its
872 2707 1012 2795 quodid
1035 2709 1142 2797 quivis
1177 2710 1312 2777 eredere

52 2826 62 2875 ε·
75 2806 112 2876 in
133 2810 232 2876 finem
253 2833 274 2875 a
296 2809 426 2876 Christo
447 2809 628 2898 praefixum
649 2832 778 2877 sumere
799 2810 927 2878 debeat.

105 3015 211 3103 ltem3
236 3019 450 3102 ceremonias,
474 3028 507 3085 et
527 3018 770 3085 benedictiones
793 3040 905 3086 omnes
926 3042 1034 3087 rerum
1049 3021 1223 3105 variam,
1237 3041 1311 3087 oum

52 3120 195 3204 varitiae,
218 3122 346 3204 erroris,
370 3121 617 3209 superstitionis,
637 3122 869 3209 inquietudinis
890 3132 923 3189 et
943 3132 1147 3213 contemptus
1168 3124 1310 3191 nominis

52 3225 137 3291 irini
172 3246 291 3293 neusse
329 3227 402 3308 siut,
437 3227 499 3291 hae
531 3249 591 3314 per
626 3227 762 3295 verbnm
783 3227 848 3293 Dei
870 3228 1056 3316 prudenter,
1080 3229 1199 3313 quiete,
1220 3235 1254 3293 et
1272 3231 1309 3294 in

52 3331 175 3397 uritate
195 3332 392 3417 minuantur,
416 3340 449 3398 et
470 3331 671 3402 aboleantur.

98 3536 202 3626 Item3
225 3538 291 3607 aha
313 3549 515 3607 sacramenta
537 3542 965 3631 exeeptisantenominatis,
989 3541 1150 3630 quomodo
1162 3539 1307 3607 ordinari

69 3645 193 3731 snsoipi
215 3643 366 3729 debeant,
388 3645 424 3711 id
441 3646 699 3712 'administratori
722 3656 755 3712 et
776 3647 970 3713 consiliariis
984 3651 1063 3735 eJ'us‚
1086 3668 1125 3713 ao
1145 3647 1205 3714 toti
1221 3644 1309 3713 olero

52 3747 184 3826 eotahit,
205 3748 345 3814 utillud
369 3750 546 3816 seeundum
568 3751 675 3837 legem
696 3751 762 3817 Dei
783 3752 979 3822 instituatur.

534 3940 789 4009 DeFestis.

93 4163 199 4250 Item,
233 4164 304 4231 dies
341 4167 523 4235 domininus
561 4170 596 4234 in
630 4190 690 4235 sua
730 4169 955 4234 aestimatione
991 4182 1222 4254 conservetur,
1266 4179 1300 4236 et

52 4266 194 4335 [shretur
228 4290 289 4356 per
327 4271 555 4339 meditationes
585 4282 618 4339 et
652 4274 810 4340 lectiones
842 4293 955 4339 sacrae
987 4277 1178 4362 scripturae,
1216 4294 1306 4340 reeo-

52 4368 144 4438 ando
157 4374 266 4437 omnia
277 4374 344 4438 Dei
365 4374 524 4441 beneficia
546 4376 641 4443 nobis
662 4400 723 4465 per
744 4376 910 4445 Christum
931 4381 1108 4446 Dominum
1131 4379 1277 4445 exhibita
1294 4402 1302 4462 3

52 4475 147 4543 odie
170 4496 283 4544 onmes
307 4477 407 4562 lusus,
431 4480 532 4546 saltus
552 4490 585 4548 et
598 4482 655 4548 alii
666 4484 781 4549 inanes
798 4482 881 4549 tales
902 4492 994 4550 aetus
1016 4493 1154 4548 cessent
1200 4484 1301 4548 Festa

52 4600 107 4649 sm
128 4584 207 4649 anni
229 4583 443 4665 celebrentur,
465 4607 606 4675 nempe:
644 4587 714 4653 dies
748 4595 782 4653 et
815 4588 933 4655 festum
966 4589 1144 4654 nativitatis
1170 4586 1308 4660 Christi,

52 4687 195 4771 vienni,
233 4688 333 4754 trium
376 4711 500 4778 regum,
528 4692 786 4781 purificationis,
821 4702 855 4762 et
887 4691 1167 4760 annuno'uatioxixs
1191 4685 1339 4748 Mosa
