2948 5040
1180 279 1184 289 ι
1281 162 1390 253 ιιι

52 362 208 451 equitum,
231 362 315 427 sicut
337 367 369 425 et
389 358 524 447 praelat
515 384 536 444 1,
565 381 604 424 ac
627 344 775 425 civitates
807 359 908 447 partis
931 355 1012 424 sub
1026 378 1092 422 una
1114 336 1224 485 specis
1256 378 1345 426 com·

52 467 288 532 manicantium
311 467 521 531 convenimus
543 472 576 529 et
587 463 873 530 concordavimus.

137 571 236 656 Item3
259 567 379 657 primo,
402 576 438 634 ut
459 570 688 657 compactata
679 592 714 634 ιιι
736 591 793 634 suo
816 567 958 657 perfecto
983 574 1089 647 sensu,
1119 569 1154 632 in
1171 589 1245 635 sua
1265 567 1347 634 inte.-

53 680 171 766 gritate
205 684 238 742 et
258 673 466 763 perfectione,
490 675 559 739 sine
591 675 682 739 omni
703 661 959 741 contradictione
981 684 1014 742 et
1045 675 1250 743 contentione
1273 696 1345 763 per·

52 790 223 861 maneant;
193 788 283 847 ιιιι
296 803 372 868 pars
394 781 560 866 utraque
550 801 586 844 ιιι
606 779 721 845 ritibus
734 780 800 844 suis
823 787 855 852 ct
885 768 1025 901 antiquis
1050 777 1346 864 consuetudinibus,

53 910 93 954 ac
123 887 307 974 sumptione
329 882 523 950 sanctissimi
556 885 747 950 sacramenti
766 886 928 972 corporis
958 895 990 951 et
1019 885 1185 981 sanguinis
1213 882 1363 950 Domini‘

52 991 161 1058 nostri
180 998 379 1080 permaneat,
401 998 433 1055 et
453 1012 530 1077 pars
552 1013 617 1056 una
632 989 767 1055 alteram
788 989 1031 1079 nonimpediat,
1055 1000 1087 1056 et
1108 1010 1185 1078 pars
1211 996 1350 1075 utraque·

52 1098 88 1161 in
109 1096 162 1160 his
185 1116 422 1183 conservemur,
445 1103 540 1182 prout
562 1115 649 1160 nunc
669 1093 855 1160 invenimur
894 1101 927 1159 et
947 1095 1072 1161 inventi
1100 1095 1219 1161 fuimus
1241 1113 1261 1156 a
1282 1090 1355 1158 Sua'

52 1202 159 1287 Regia
189 1199 359 1288 Majsstats
392 1192 534 1266 domino
554 1204 664 1268 nostro
698 1200 942 1286 gratiosissimo,
981 1201 1051 1267 sine
1066 1199 1069 1205 ’
1084 1180 1228 1265 laesione
1262 1206 1348 1264 com·

53 1306 291 1394 pactatorum.‘

140 1408 251 1494 Item,
283 1428 355 1474 cum
393 1418 593 1498 compactata
613 1409 699 1477 facta
722 1410 786 1475 sint
807 1417 839 1475 et
872 1415 1028 1497 suscepta
1053 1402 1185 1497 propter
1205 1405 1347 1473 inducti-

55 1536 153 1582 onem
174 1515 267 1602 pacie
293 1517 336 1580 'in
357 1536 494 1601 regnum
523 1522 556 1579 st
576 1513 797 1580 defensionem
831 1536 871 1580 ac
899 1511 1178 1581 conservationem
1215 1518 1347 1578 sanctae

53 1619 130 1685 fidei
161 1614 365 1701 christianae,
401 1640 461 1684 nos
499 1622 608 1701 omnes
641 1617 752 1687 clerici
795 1626 828 1683 et
864 1617 1044 1684 saeculares
1076 1616 1172 1689 unius
1205 1622 1238 1682 et
1270 1609 1350 1681 alte-

53 1727 121 1791 rius
143 1724 246 1812 partis
260 1725 352 1788 inter
373 1745 432 1789 nos
453 1723 573 1789 bonam
596 1725 758 1807 unionem,
793 1723 1009 1806 concordiam,
1047 1724 1184 1808 gratiam
1217 1728 1249 1786 et
1270 1719 1348 1784 cha·
1381 1760 1385 1765 -

55 1822 186 1896 ritatem
210 1827 417 1916 christianam
438 1828 599 1914 integram
631 1835 663 1893 et
685 1828 863 1916 perfectam
895 1825 1017 1894 habere
1041 1834 1073 1892 et
1095 1846 1225 1892 servare
1247 1820 1349 1889 volui·

56 1958 128 2000 mus
158 1936 214 2017 ita,
249 1933 332 1997 sicut
365 1930 479 1996 dehis
516 1940 670 1997 tractatus
691 1932 816 2020 priores
854 1933 889 1996 in
920 1930 1039 1997 tabulis
1066 1931 1169 2018 ,regni
1201 1928 1350 2016 inscripti

54 2045 197 2105 tractant
233 2046 265 2102 et
287 2034 452 2117 exhibent,
488 2034 573 2100 inter
604 2059 664 2102 nos
699 2059 824 2102 errores
856 2032 891 2102 in
910 2035 1077 2102 'damnum
1110 2033 1242 2101 sanctae
1272 2032 1351 2099 fidei

32 2144 255 2209 ¹christianae
278 2163 343 2207 non
366 2138 549 2224 tolerantes,
582 2163 644 2206 uec
666 2126 807 2207 invicem
828 2140 1059 2232 vituperantes,
1093 2139 1152 2206 sed
1172 2145 1208 2204 ut
1231 2137 1348 2205 fratres

48 2238 103 2313 'et'
121 2246 199 2312 boni
226 2232 394 2312 christiani
421 2244 551 2333 utrique
574 2268 633 2312 nos
655 2247 798 2313 invicem
827 2254 982 2330 amantes,
1020 2254 1053 2312 et
1082 2254 1118 2311 ιιι
1138 2265 1234 2310 veros
1265 2239 1350 2308 filios

63 2356 191 2415 sanctae
212 2348 371 2414 ecclesiae
392 2362 451 2414 nos
473 2358 632 2434 gerentes,
656 2358 688 2414 et
704 2362 773 2438 'pro'
788 2348 906 2416 iisdem
938 2373 997 2416 nos
1020 2351 1238 2433 aestimantes,
1270 2348 1352 2413 ritus

62 2463 187 2521 veteres
209 2455 244 2520 in
268 2450 387 2519 divinis
408 2454 525 2519 officiis
560 2463 592 2520 et
613 2455 771 2520 sacrificio
794 2457 913 2522 missae
935 2454 1148 2523 communiter
1181 2452 1353 2521 conductos

58 2560 129 2625 sine
149 2554 650 2659 immutationeconservantes,¹
671 2570 703 2627 et
722 2560 804 2626 haec
826 2561 934 2626 omnia
955 2570 1100 2648 agentes,
1134 2559 1252 2649 quibus
1285 2580 1353 2648 pax

59 2668 171 2729 sancta
192 2665 280 2729 inter
302 2685 361 2747 nos
383 2684 593 2751 perseverare
627 2675 659 2733 et
679 2687 871 2754 permanere
892 2665 927 2732 in
947 2673 1105 2763 perpetua
1132 2664 1240 2732 futura
1272 2671 1354 2763 tem,

30 2776 138 2856 *pora
160 2775 280 2855 posset

115 2870 529 2958 ·Item;hocet1aminter
550 2897 609 2939 nos
621 2873 771 2938 constitut
773 2895 827 2937 um
848 2871 975 2950 futat
940 2881 975 2937 ut
988 2872 1218 2960 praecedentia
1238 2872 1350 2956 malas,

14 3027 17 3034 .
58 2977 104 3042 uti
126 2970 362 3061 contentiones,
380 2977 607 3062 dissensiones
631 2998 856 3065 oppressrones
873 2968 990 3041 atalia
1010 2976 1061 3042 his
1084 2971 1202 3043 similia
1223 2987 1352 3044 antece·

60 3078 174 3145 denter
195 3079 281 3144 facta
294 3090 325 3147 et
341 3083 512 3147 commissa
521 3105 563 3148 ex
574 3091 710 3168 utraque
731 3080 877 3167 partein
897 3080 1086 3145 memoriam
1107 3081 1202 3182 nohis
1213 3091 1285 3147 non'
1298 3086 1352 3148 r'e·

58 3210 223 3272 vocemus,
245 3211 307 3253 nec
323 3185 657 3269 eorumrecordemur,
682 3183 740 3249 sed
763 3182 894 3249 ecorde
919 3191 951 3248 et
971 3192 1080 3249 mente
1103 3186 1296 3266 emittamus,
1319 3192 1352 3252 et

58 3300 291 3380 utraquspars
313 3313 333 3355 a
354 3291 508 3359 moderno
529 3293 564 3356 in
585 3290 691 3355 futura
714 3297 858 3376 tempora
881 3288 999 3355 similia
1020 3311 1086 3355 non
1108 3290 1247 3378 amplius
1263 3313 1349 3364 com·

59 3399 233 3476 mittamus,
269 3419 382 3462 verum
403 3398 510 3485 potius
532 3417 552 3460 a
574 3394 640 3461 Sua
662 3394 765 3480 Regia
785 3392 956 3480 Majestate
987 3382 1117 3460 domino
1146 3403 1255 3462 nostro
1279 3418 1351 3484 gra·

59 3501 234 3585 tiosissimo
258 3512 475 3589 expectamus,
498 3509 533 3566 ut
546 3501 611 3566 Sua
622 3499 776 3588 Majestas
785 3498 889 3584 Regia
910 3496 997 3586 apud
1010 3497 1120 3565 sedem
1142 3498 1352 3587 apostolicam

60 3607 142 3672 illud
165 3598 318 3696 expetere
351 3614 384 3671 et
415 3606 544 3672 efficere
567 3605 726 3692 dignetur,
764 3611 800 3668 ut
820 3603 906 3668 inter
927 3602 1007 3669 alias
1041 3612 1153 3691 gentes
1174 3625 1233 3692 pro
1255 3603 1351 3670 bonis

60 3712 244 3778 christianis
281 3733 493 3799 agnoscamur
531 3719 563 3776 et
584 3711 797 3793 aestimemur,
835 3716 870 3774 ut
899 3709 969 3774 veri
1005 3708 1064 3774 filii
1086 3716 1217 3775 sanctas
1239 3711 1351 3777 matris

61 3816 229 3884 ecclesiae.
452 3806 456 3814 ’

147 3921 247 4006 Item3
272 3921 357 4008 quod
379 3930 486 3988 autem
509 3923 662 3990 ecclesias
686 3931 719 3988 et
739 3922 908 4011 parochias
932 3922 1107 4008 concernit,
1130 3921 1212 3990 haec
1234 3946 1346 3992 mane·

59 4036 116 4094 aut
136 4027 231 4116 juxta
252 4027 376 4114 priores
398 4035 551 4094 tractatus
573 4027 692 4093 tabulis
714 4028 808 4115 regni
829 4029 976 4093 insertos.

148 4131 248 4216 Item,
282 4131 317 4194 in
339 4130 389 4196 his
413 4134 633 4215 convenimus,
656 4140 692 4197 ut
714 4133 873 4219 scriptura
896 4152 988 4196 sacra
1010 4141 1042 4196 et
1063 4131 1197 4199 verbum
1220 4133 1286 4199 Dei
1307 4134 1349 4201 ob

59 4235 317 4304 conservandam
347 4243 379 4301 et
412 4236 664 4303 confirmandam
697 4237 794 4302 fidem
828 4222 1033 4307 christianam
1056 4238 1260 4324 praedicetur
1281 4247 1349 4306 tan-

58 4352 129 4409 tum
162 4364 183 4407 a
214 4339 433 4406 sacerdotibus
470 4353 502 4406 et
524 4342 660 4426 clericis,
699 4365 772 4409 cunr
805 4341 935 4408 licentia
971 4351 1003 4407 et
1038 4340 1204 4408 voluntate
1241 4366 1350 4411 eorum

59 4446 288 4537 praelatorum,
320 4445 361 4512 ab
385 4446 555 4512 ordinariis
578 4449 739 4537 episcopis
762 4450 822 4513 ritc
845 4446 1011 4531 ordinatis,
1046 4446 1143 4513 nullis
1166 4471 1243 4515 vero
1266 4447 1350 4533 aliis,

59 4557 94 4622 in
128 4553 218 4622 nulla
236 4540 345 4644 ¹parte
380 4551 531 4641 publicae
567 4553 738 4617 conciones
772 4551 991 4617 admittantur.
1035 4550 1156 4618 Verum
1194 4551 1349 4619 lectiones

60 4660 177 4728 sacrae
199 4657 378 4745 scripturae
399 4655 519 4746 populo
553 4665 585 4722 et
616 4657 691 4745 piae
722 4656 947 4723 meditationes
984 4655 1025 4721 de
1039 4655 1207 4724 beneficiis
1229 4657 1369 4749 divinis,

1125 4760 1152 4824 a
