2948 5040
406 986 1015 1119 PRAEFATIO.

146 1560 290 1629 Servitia
309 1558 502 1645 humillima,
525 1570 558 1625 et
577 1583 637 1649 pro
650 1562 739 1626 omni
749 1565 899 1651 possibili
920 1578 1043 1655 parata,
1066 1591 1139 1635 cum
1163 1571 1356 1640 salutatione

60 1669 184 1753 debita,
207 1692 247 1735 88
270 1668 476 1757 exoptatione
498 1669 602 1733 omnis
624 1667 712 1743 boni,
736 1678 769 1732 et
789 1668 953 1757 profectus
968 1673 1084 1756 felicis,
1100 1675 1199 1761 juxta
1224 1676 1356 1751 distinc-

57 1774 181 1841 tioncm
203 1771 327 1838 altioris
348 1795 389 1839 88
408 1771 571 1838 inferioris
592 1772 759 1837 hominum
782 1782 884 1839 status
906 1774 959 1842 hic
982 1776 1168 1847 offeruntur.

147 1875 240 1943 Sicut
260 1898 312 1942 res
336 1898 448 1941 omnes
462 1876 565 1942 aDeo
578 1884 705 1941 creatae
727 1885 872 1965 tempore
888 1900 946 1945 suo
969 1882 1124 1965 oriuntur,
1147 1891 1180 1951 et
1199 1906 1356 1972 processu

58 1982 216 2069 temporis
237 1980 345 2047 denuo
367 1990 521 2068 pereunt3
544 1980 591 2044 ita
613 1988 646 2045 ct
665 1981 823 2045 memoria
834 1979 1011 2066 bominum,
1034 2006 1117 2071 quae
1139 1986 1285 2053 internus
1301 1987 1356 2055 bo·

58 2085 159 2151 minis
181 2107 295 2151 sensus
318 2093 376 2169 est,
399 2083 434 2149 in
457 2092 602 2172 tempore
624 2086 734 2161 oritur,
758 2106 797 2150 ac
819 2086 942 2171 pariter
962 2088 1080 2153 iterum
1101 2086 1241 2174 decedit,
1264 2101 1296 2159 et
1307 2100 1357 2157 est
1400 2168 1404 2175 Ι

61 2215 117 2259 res
138 2192 315 2276 manifesta,
338 2215 422 2281 quae
445 2192 662 2259 communiter
690 2193 776 2257 inter
797 2192 944 2259 homines
966 2204 1125 2281 versatur,
1147 2194 1238 2283 qnod
1258 2194 1356 2271 horno

61 2297 262 2385 quarundam
283 2320 393 2363 rerum
414 2298 562 2363 notitiam
585 2296 720 2379 habens,
754 2296 891 2361 eandem
923 2296 1027 2379 altori,
1050 2300 1132 2365 8118
1155 2296 1357 2364 (1888881118

61 2402 197 2469 ulterius
218 2401 333 2469 tradat.
379 2401 488 2467 Etiam
509 2424 571 2467 nec
592 2401 710 2465 rationi
732 2423 911 2487 congruum
932 2402 1072 2487 videtin,
1103 2403 1268 2469 hominem
1289 2411 1356 2483 tem

58 2505 224 2595 perfectae
256 2506 433 2571 memoriae
463 2527 535 2571 esse
564 2527 671 2593 posse,
705 2513 741 2571 81
772 2504 928 2593 possibile
950 2506 999 2573 illi
1022 2509 1072 2591 sit,
1106 2529 1176 2573 rem
1209 2506 1251 2574 ab
1281 2504 1355 2585 81118

61 2609 217 2695 auditam,
246 2609 298 2675 118
320 2609 418 2699 plene
450 2610 576 2691 verbis,
600 2611 671 2675 sine
692 2610 916 2677 immutatione
939 2620 971 2676 81
993 2610 1157 2678 additione
1193 2633 1354 2679 enarrare.

59 2714 206 2802 Ideoque
228 2737 301 2779 cum
323 2737 383 2803 per
404 2736 570 2780 sermones
592 2712 634 2781 ab
659 2736 722 2779 uno
745 2713 839 2780 alteri
849 2713 963 2797 factos,
987 2714 1088 2781 verba
1109 2715 1221 2781 audita
1243 2716 1357 2783 immu-

60 2826 180 2901 tentur,
200 2819 385 2883 necessario
406 2818 479 2883 fieri
502 2817 610 2902 debet,
632 2827 668 2884 ut
690 2826 722 2884 81
743 2817 917 2885 verborum
935 2841 1049 2883 sensus
1072 2821 1106 2883 in
1127 2819 1225 2885 rebus
1246 2818 1357 2899 ulteri-

60 2922 172 2989 oribus
194 2923 405 2989 mutationem
429 2931 462 2987 et
483 2920 618 2988 dubium
640 2920 764 3005 subeat,
788 2920 918 2985 atinde
940 2923 1061 2987 veritas
1082 2922 1355 3010 actuscujusdam

60 3025 258 3115 dependatur
280 3035 313 3093 et
333 3026 539 3093 annihiletur.
584 3025 658 3107 Qua
679 3025 720 3091 de
744 3047 841 3090 causa
862 3027 1083 3091 necessarium
1115 3026 1194 3092 mihi
1224 3026 1355 3095 videtur

61 3152 145 3215 esse,
168 3140 204 3197 ut
224 3139 317 3197 actus
339 3139 405 3197 tam
428 3129 580 3196 notabilis
613 3151 708 3217 quam
731 3130 806 3193 miri
829 3138 1057 3217 argumentum
1078 3131 1113 3195 in
1136 3152 1214 3197 casu
1236 3134 1356 3219 scripte

65 3235 225 3302 memoria
246 3234 346 3321 digno
368 3257 428 3322 pro
450 3235 566 3299 futiris
589 3230 789 3321 temporibus
811 3232 913 3298 literis
936 3241 1107 3299 annotetur
1123 3242 1155 3300 et
1173 3233 1357 3301 conscribe

65 3347 128 3423 tur,
162 3348 199 3405 ut
219 3340 431 3427 imposterum
453 3337 601 3405 homines
634 3335 715 3402 1888
737 3336 878 3401 scientes
909 3345 941 3403 81
963 3337 1093 3425 saepius
1126 3338 1289 3426 legentes,
1312 3336 1358 3423 id,

65 3442 155 3531 qnod
188 3442 308 3507 factum
343 3452 403 3520 est,
439 3442 615 3508 memoriae
649 3440 711 3507 sibi
734 3440 920 3529 imprimere
942 3440 1078 3528 possint.
1122 3440 1226 3509 Nemo
1248 3450 1357 3521 autem

62 3547 209 3631 miretur,
230 3568 337 3634 neque
358 3569 411 3612 me
434 3546 575 3612 levitatis
599 3545 769 3633 eujusdam
791 3553 915 3631 arguat,
939 3544 1101 3632 quod¹res
1123 3544 1241 3611 multas
1253 3546 1358 3625 inten-

63 3649 139 3717 dam
162 3652 315 3735 scribere,
350 3672 434 3739 quae
462 3651 613 3716 irrisione
645 3652 750 3735 magis
785 3672 881 3738 quam
903 3650 1128 3715 aestimatione
1149 3649 1251 3737 digna
1272 3658 1357 3735 sunt,

63 3753 105 3821 ob
128 3755 287 3843 quaedam
321 3755 488 3821 bominum
520 3754 733 3841 Pragonsium
765 3752 851 3819 levia
883 3751 1050 3841 proposita
1072 3761 1106 3819 et
1127 3752 1262 3820 consilia
1284 3776 1356 3819 sus·

63 3868 178 3947 cepta,
203 3881 276 3925 cum
299 3860 385 3923 enim
408 3858 582 3947 aliquando
597 3858 744 3924 homines
755 3856 871 3945 pudori
895 3856 956 3921 sibi
970 3878 1036 3921 non
1048 3854 1176 3942 ducant,
1200 3856 1356 3925 resleves

64 3973 98 4031 81
119 3975 212 4033 88188
234 3966 337 4033 malos
358 3988 457 4053 agere
504 3987 563 4031 eur
590 3988 643 4030 me
675 3965 814 4053 puderet
845 3965 1015 4031 veritatem
1049 3962 1201 4029 similium
1224 3970 1354 4027 actuum

64 4092 218 4136 enarrare
238 4092 279 4135 88
300 4068 515 4135 describere?
557 4069 643 4135 Nam
665 4068 744 4156 quid
765 4091 838 4133 mea
859 4067 968 4152 refert,
1003 4066 1079 4133 dum
1103 4069 1175 4156 quis
1197 4065 1355 4133 honorem

64 4196 160 4241 suum
170 4173 387 4263 vilipendens,
410 4172 534 4262 aliquid
545 4181 656 4257 tentat,
680 4183 712 4237 et
721 4174 860 4261 ipsemet
880 4170 953 4237 aliis
976 4172 1060 4237 male
1081 4171 1123 4238 de
1145 4192 1180 4236 88
1203 4168 1358 4259 loquendi

67 4281 273 4345 occasionem
295 4275 440 4366 praebet.
485 4275 528 4342 Et
550 4299 608 4341 cur
628 4276 709 4341 mihi
732 4298 813 4363 opus
837 4283 923 4341 esset
934 4296 1003 4340 rem
1021 4275 1169 4353 reticere,
1192 4295 1291 4361 quam
1305 4272 1359 4341 vel

63 4384 137 4472 ipse
159 4382 241 4468 ridi,
269 4391 326 4449 aut
351 4380 393 4449 ab
415 4380 489 4447 81118
517 4378 583 4447 tide
612 4379 720 4468 dignis
742 4378 928 4445 hominibus
951 4377 1072 4462 audivi,
1094 4386 1132 4443 ut
1152 4376 1288 4443 eandem
1310 4378 1359 4442 in-

66 4488 213 4558 scribere
244 4510 311 4556 non
332 4487 505 4571 deberem,
542 4485 735 4552 documento
769 4492 864 4549 utens
893 4481 1033 4571 Josephi
1055 4482 1223 4564 Historioi,
1245 4483 1301 4569 qui
1321 4482 1358 4546 in

65 4594 163 4669 libris
185 4594 228 4661 de
248 4593 442 4683 antiquitate
462 4601 645 4679 temporum
677 4596 790 4655 eontra
809 4588 1001 4655 Manethum
1022 4587 1202 4675 sapientem
1224 4584 1357 4671 Aegyp·

64 4696 304 4787 1188881188·
315 4696 362 4771 IL
380 4697 429 4775 its
449 4694 586 4779 aare
608 4690 920 4785 »8188888188
937 4699 1062 4777 88188
1080 4682 1305 4853 18811881
1320 4699 1391 4777 nra
