2948 5040
1277 134 1349 221 m

52 320 126 389 'illie
148 312 213 391 non
236 313 410 389 conveniat
429 315 525 387 unius
547 306 671 387 domini
693 308 841 404 subditis,
864 328 900 386 ut
920 317 1110 407 impediant,
1141 341 1183 386 ne
1205 306 1354 389 dominor

47 448 171 497 ,eorum
184 426 398 515 ¹interponere
432 446 468 491 ee
498 426 603 512 possit
622 425 803 513 injustitiae
824 423 920 489 unius
950 431 1063 491 contra
1093 423 1230 492 alterum
1259 447 1352 493 exer·

49 532 153 616 -oitae,
176 539 232 596 aot
253 527 385 608 inillis,
408 550 493 617 quae
515 528 623 595 forent
642 538 756 595 contra
773 527 829 616 jus
851 526 1079 616 et..justifim,
1117 537 1153 595 ut
1171 529 1272 603 etiam
1291 531 1350 610 im.

48 634 201 724 ‘pediant
223 655 272 701 ne·
287 634 363 701 talis
385 632 535 700 dominus
550 641 592 700 et
613 655 674 701 rex
695 640 888 722 potestatem
921 631 1041 700 habeat
1073 630 1185 700 eontra
1216 634 1352 724 injurias

59 748 92 806 et
113 739 285 806 violentias
309 737 470 828 quendam
493 739 600 823 tueri,
623 737 786 828 haclvero
809 735 958 803 libertate
980 735 1164 824 Pragensee
1187 739 1239 804 usi
1265 749 1349 807 eant

26 839 168 933 '3Atque
190 844 252 910 hoc
273 842 369 912 modo
393 841 578 927 effecerunt,
603 839 689 930 quod
712 839 838 921 enhac
851 843 1070 909 transactione
1088 851 1121 909 et
1136 836 1351 934 contentione

54 948 143 1035 ‚nihss
164 947 285 1035 factum
307 947 414 1030 fuerit,
439 945 497 1012 sed
520 967 631 1012 omnes
646 944 872 1032 Kuttenberga
894 944 1110 1017 discesserint
1129 944 1177 1012 Et
1197 969 1271 1014 cum
1293 946 1348 1015 do-

60 1055 169 1143 minus
191 1053 270 1119 Lew
299 1051 516 1138 burggravius
541 1072 614 1121 cum
637 1049 831 1138 quibusdam
854 1050 1044 1139 proceribus
1066 1060 1099 1117 et
1114 1051 1286 1140 equitibus,
1308 1074 1348 1119 ac

56 1155 169 1223 ³sirnnl'
184 1151 404 1242 Pragensibus
426 1153 624 1220 concordare
646 1152 817 1237 noluerint,
844 1174 924 1221 cum
946 1153 1113 1221 voluntate
1133 1157 1236 1244 regia,
1258 1157 1349 1243 utin

21 1296 26 1301 ·
60 1254 238 1345 charitate,
250 1280 332 1348 paee
354 1269 387 1325 et
407 1259 526 1329 unione
549 1278 624 1335 cum
647 1257 698 1324 his
721 1256 922 1347 proceribus,
946 1258 1108 1347 equitibus
1131 1269 1163 1326 ct
1184 1269 1271 1327 statu
1302 1262 1346 1327 ei·

58 1364 119 1434 vili
138 1362 258 1431 Colinii
279 1361 505 1452 praesentibus
528 1361 659 1428 insimul
681 1358 781 1449 agant
797 1360 839 1428 'do
853 1363 1104 1459 naessiutibus
1117 1363 1256 1452 debitie3
1279 1373 1347 1432 turn

58 1490 174 1538 omnes
197 1478 298 1535 statua
319 1466 439 1534 Ooiinii
461 1467 637 1532 existentes
659 1467 867 1554 conjurarunt
888 1466 923 1532 in
944 1488 1044 1533 unum
1062 1469 1160 1557 juxta
1181 1467 1347 1536 dominum

18 1622 21 1626 -
49 1564 302 1661 ragenerum,
326 1572 412 1662 quod
433 1593 493 1660 per
512 1569 637 1637 nullum
660 1571 758 1637 alium
779 1569 878 1658 dirigi
900 1570 1013 1658 veiint,
1048 1559 1111 1641 nisi
1145 1595 1204 1664 per
1236 1572 1348 1662 'regom

50 1686 93 1744 et
115 1676 283 1745 dominum·
305 1700 398 1744 suum
411 1669 676 1759 haereditarium,
693 1676 835 1741 invicem
856 1676 890 1739 in
912 1697 948 1741 re
969 1675 1066 1763 nulla=
1081 1675 1279 1764 deserentes,
1302 1700 1346 1746 ex

57 1800 159 1853 causa
180 1783 252 1869 bac,
276 1780 351 1870 quia
373 1805 433 1848 rex
455 1781 606 1868 dignatus
627 1780 691 1846 fuit
711 1778 889 1847 adhaerere
925 1788 959 1847 et
979 1782 1132 1849 assistere
1148 1782 1345 1850 illiatecun·

58 1890 138 1959 dum
160 1889 219 1955 hos
243 1887 407 1974 articulos,
424 1887 541 1977 quibus
558 1887 707 1954 dominus
719 1886 798 1952 Lew
812 1885 1019 1972 contradixit,
1042 1885 1084 1953 de
1099 1886 1216 1976 quibas
1231 1897 1345 1954 :aetum

48 1984 120 2063 'tuit
141 1994 178 2061 in
197 1994 311 2083 'primo
337 1986 501 2061 conventu
524 1994 611 2060 circa
630 1990 720 2058 'diem
753 1989 788 2058 S.
810 1990 952 2083 Martini,
973 1991 1062 2081 quod
1084 1988 1195 2079 regem
1228 2013 1346 2080 norpra-

49 2094 157 2188 ²quarn
178 2094 330 2164 deserere
351 2098 529 2178 intendant,
551 2096 608 2163 nbi
638 2099 734 2164 etiarn
764 2094 1128 2186 comprehendebantur
1141 2114 1254 2164 omnes
1275 2096 1344 2180 ilii,

59 2203 117 2292 qui
134 2197 243 2294 Praga
275 2203 316 2269 ab
338 2201 506 2287 moribus,
539 2200 684 2291 prolibus
718 2210 750 2268 at
782 2201 877 2269 bonis
894 2203 965 2287 ¹suis
986 2200 1072 2292 putei
1093 2200 1236 2286 fuerant,
1253 2200 1343 2291 :qnod

52 2308 233 2374 'etiamrex
245 2305 396 2396 dignatus
413 2305 511 2373 tuerit
523 2306 589 2372 illis
611 2307 775 2392 assidere,
787 2327 853 2374 non
866 2305 1023 2373 recedens
1033 2304 1076 2371 ab
1088 2303 1140 2370 bie
1154 2318 1247 2393 ,quae
1264 2304 1345 2372 Pra-

57 2408 212 2499 'g'snsibns
235 2410 277 2478 de
298 2410 362 2477 illie
384 2411 547 2479 multoties
558 2411 668 2476 stricte
680 2413 858 2500 praecepit,
882 2418 916 2476 ut
936 2410 978 2477 ad
990 2410 1120 2484 illorum
1147 2408 1234 2477 bona
1251 2411 1343 2499 paci·

55 2510 120 2584 i'rce
130 2516 352 2584 immittuntur.
382 2514 454 2585 Imo
475 2515 510 2582 hi
533 2515 645 2583 exules
656 2514 701 2582 ad
713 2515 909 2583 oblivionem
931 2514 1006 2582 ideo
1026 2534 1093 2582 non
1116 2523 1346 2602 pervenerunt,

53 2618 126 2691 ¹scd*
139 2621 226 2711 quod
246 2642 300 2689 res
321 2621 404 2688 haec
424 2618 511 2710 apud
532 2606 644 2708 regern
667 2620 774 2688 dante
795 2620 868 2687 Deo
888 2621 942 2686 ita·
957 2628 1030 2687 acta
1061 2618 1178 2704 fuerit,
1214 2620 1248 2685 in
1284 2619 1346 2687 boo
1446 2679 1449 2685 .

57 2722 221 2793 donventu
241 2720 287 2793 ab'
305 2724 454 2794 omnibns
476 2724 614 2791 statibus
636 2718 877 2791 et'conclusurn
899 2723 1006 2808 fuerit,
1029 2744 1103 2819 cum
1117 2726 1189 2814 jam
1222 2725 1345 2814 perfec·

49 2831 123 2897 'tius
134 2831 369 2899 contumaciam
384 2839 573 2896 tanrcontra
584 2851 694 2917 regern
722 2829 889 2897 dominum
911 2846 1014 2908 suum,
1037 2846 1133 2917 quam
1156 2830 1345 2899 contehan

45 2950 213 3026 ¹personae
234 2937 396 3004 varaciter
417 2936 639 3022 cognoverint,
656 2943 695 3002 et
716 2934 778 3002 boc
799 2937 872 3023 ipso
895 2935 976 3000 haec
998 2935 1173 3003 uansactio
1199 2933 1346 3023 &spem

49 3034 129 3127 icit,
152 3038 227 3130 quia
247 3040 289 3109 ab
303 3039 355 3107 bis
377 3039 535 3106 desistere
557 3039 739 3125 noluerunt,
752 3038 809 3106 sed
825 3037 911 3128 quod
925 3039 990 3107 bae
1004 3038 1346 3106 dissensionesornnee

49 3135 156 3214 brein
168 3163 261 3214 suum
272 3145 409 3235 adipisci
443 3143 603 3228 debeant,
621 3144 719 3233 juxta
752 3145 908 3233 cujusque
930 3143 1030 3234 partie
1050 3144 1210 3210 meritum.
1261 3143 1344 3211 Ten·

31 3244 239 3329 *demetiam
254 3252 370 3340 cuique
390 3256 503 3316 notnm
525 3250 576 3327 sit,
599 3246 683 3335 quod
705 3249 739 3315 in
760 3248 823 3316 boc
844 3257 1006 3316 conventu
1026 3249 1210 3315 intimatum
1236 3248 1344 3328 fuerit,

52 3353 146 3447 quod
177 3352 255 3423 illas
273 3340 401 3422 ¹literae
431 3361 464 3419 et
495 3351 695 3419 manducan
719 3354 854 3440 regium,
876 3371 995 3442 nempe
1023 3356 1110 3442 ragis
1149 3364 1183 3422 et
1213 3356 1344 3446 reginae

48 3452 345 3550 Pragensibuspro
357 3469 443 3526 ¹tunc
461 3459 583 3525 >missae
604 3464 737 3547 propter
754 3459 889 3524 fratrem
902 3459 1058 3526 Mathiam
1066 3461 1233 3529 eremitam
1254 3463 1343 3552 pium

58 3562 299 3632 ettenorum
331 3566 446 3650 virntn,
468 3573 505 3630 ut
527 3562 665 3628 eundem
684 3565 758 3631 sine
776 3579 872 3631 rnora
892 3586 935 3631 ex
955 3563 1140 3632 carceribus
1173 3566 1344 3650 dimittant,

57 3666 207 3736 effectum
231 3690 332 3736 *suum
350 3691 420 3736 non
441 3668 683 3756 acquisiverint,
705 3668 768 3736 hoc
790 3670 876 3737 enirn
895 3669 1088 3759 simpliciter
1120 3690 1185 3738 non
1216 3671 1345 3740 fuerunt

55 3776 197 3860 executi,
213 3774 405 3843 mandatnm
416 3776 526 3862 itaque
536 3772 763 3858 annibiterunt,
782 3777 853 3843 sine
863 3776 952 3842 omni
963 3773 1074 3842 debita
1086 3778 1300 3848 ermenone.
