2948 5040
137 117 202 232 'te

135 316 347 425 proeessisse.
367 327 441 398 Hoc
462 333 549 399 enim
569 306 720 399 {inoliter¹
737 328 860 397 babere
880 322 1039 417 volumus,
1070 336 1109 397 ut
1128 324 1241 397 omnes
1272 325 1423 396 diemd-

136 460 226 522 cnes,
260 457 345 526 quae
382 436 418 501 in
439 444 551 503 nostro
571 458 673 525 regno
693 433 871 502 Bohemiae
903 435 989 502 inter
1022 432 1169 531 subditos
1202 439 1334 499 nostros
1361 453 1430 501 ver·

138 551 263 626 santur,
297 549 434 610 cessent.
477 538 620 631 Ideoque
652 540 734 608 haec
761 540 911 624 seientes,
943 538 1099 630 populum
1137 559 1196 605 eo
1218 535 1370 624 dirigetis
1401 543 1432 603 et

55 660 61 677 ¹
138 633 363 729 admonebitis,
399 653 435 712 ut
466 644 548 712 haec
578 646 730 712 voluntas
762 652 874 712 nostra
905 641 1193 732 adimpleatur3si
1235 641 1311 727 quis
1350 660 1428 708 vero

139 757 252 819 contm
272 748 358 817 banc
378 747 579 817 voluntatem
611 757 765 834 nostram,
798 748 919 832 literas,
951 754 984 813 et
1015 745 1168 814 mandata
1199 745 1427 812 contravenire

13 854 18 862 ’
136 855 400 944 praesumpserit,
435 851 534 920 talem
554 852 680 921 nullum
700 855 867 942 impunem
897 872 969 918 esse
999 850 1119 918 sciatis.
1165 844 1259 915 Haeo
1279 848 1430 939 ¹scientes

134 962 185 1026 ita
206 979 265 1025 vos
287 956 417 1046 geretis,
442 958 526 1025 sicut
546 956 719 1026 scribimus
746 967 780 1024 et
800 955 1015 1027 mandamus.¹
1043 956 1165 1024 Datum
1186 951 1315 1034 Budas,
1349 973 1431 1020 anno

140 1071 174 1130 et
196 1061 250 1130 die
272 1084 376 1153 supra
982 1105 984 1109 -

214 1192 217 1197 <
980 1196 985 1202 ·
1111 1161 1299 1232 Lndovieus
1320 1185 1393 1235 rex.

16 1327 23 1337 ..
221 1274 305 1343 Item
326 1270 422 1339 datae
459 1270 623 1339 secundae
655 1270 769 1337 literae
805 1268 849 1336 ad
870 1268 1019 1337 civitmes
1050 1269 1169 1357 regiae
1206 1267 1372 1364 quomodo
1392 1289 1427 1337 se

133 1383 231 1470 juxa
253 1379 345 1448 datas
368 1376 480 1445 literas
502 1398 616 1464 gerere
638 1374 787 1445 debeant.

331 1483 529 1567 Ludovicus,
551 1483 617 1548 Dei
638 1482 745 1569 gratia
767 1488 829 1550 etc.
1335 1562 1336 1567 ἵ

221 1587 365 1674 Providi,
398 1587 522 1672 fideles,
559 1587 663 1653 nostri
696 1586 814 1653 dilecti.
873 1582 1018 1652 Innotuit
1045 1582 1151 1670 nobis,
1172 1583 1260 1672 qnod
1289 1592 1433 1675 tempore

135 1715 202 1760 non
239 1690 366 1781 pridem
399 1693 573 1781 praeterito
603 1691 716 1759 literae
747 1690 789 1758 ad
826 1689 984 1780 quasdam
1021 1689 1170 1757 civitatee
1191 1697 1323 1757 nostras
1344 1692 1434 1779 regni

136 1797 326 1882 Bohemiae,
359 1798 438 1865 item
469 1795 512 1863 ad
546 1804 673 1864 vestros
693 1795 857 1884 parochos
878 1796 1088 1884 pervenerint
1108 1793 1151 1862 ab
1173 1784 1434 1868 administratore

136 1902 314 1990 Pragensi,
349 1912 382 1968 et
414 1903 447 1967 in
481 1901 692 1969 concionibus
720 1900 842 1988 ubique
874 1901 978 1968 lectae
1000 1908 1034 1966 et
1053 1898 1276 1988 promulgatae
1298 1901 1424 1974 fuerint

137 2006 233 2089 Quod
253 2027 413 2096 personas
446 2005 542 2073 nobis
579 2004 725 2073 subditas
761 1998 886 2087 attinet,
919 2003 1037 2093 quibus
1060 2004 1103 2071 ad
1124 2005 1426 2078 informationem

136 2112 268 2178 civitate
290 2119 403 2176 nostra
424 2109 583 2197 Pragensi
605 2117 782 2199 acceptam,
805 2110 973 2177 bonasus
995 2109 1172 2177 divendere
1194 2121 1227 2179 et
1246 2111 1343 2181 abire
1359 2117 1425 2206 jus·

134 2208 257 2300 simus;
278 2216 357 2280 item
380 2217 477 2281 etiam
500 2215 582 2299 illas,
605 2214 723 2303 quibus
744 2214 927 2301 Pragenses
949 2216 1013 2303 ipsi
1051 2214 1228 2284 divendere
1245 2223 1425 2310 jusserunt,

133 2323 226 2408 qussi
261 2320 337 2387 illae
359 2341 518 2409 personae
556 2319 619 2387 sibi
642 2321 752 2386 literas
775 2319 855 2387 tales
889 2319 1102 2387 subnomine
1123 2332 1233 2391 nostro
1254 2328 1348 2414 regio
1371 2347 1428 2416 per

133 2446 357 2513 quemcunque
389 2433 618 2512 procurassent
651 2433 683 2489 et
713 2425 817 2490 falsae
842 2433 971 2510 essent;
1007 2433 1039 2490 et
1061 2425 1193 2513 quidem
1215 2428 1427 2497 literaeillae

133 2551 205 2595 esse
238 2527 429 2611 debuerunt,
463 2549 543 2615 quas
564 2527 785 2615 Pragensibus
808 2527 907 2594 scribi
941 2517 1177 2617 mandavimus,
1201 2542 1236 2599 ut
1255 2532 1337 2599 illae
1357 2555 1426 2623 per·

132 2655 233 2699 sonae
253 2631 340 2699 bona
362 2653 420 2698 sua
442 2653 507 2699 non
530 2631 716 2718 divendant,
739 2633 797 2698 sed
820 2655 859 2698 ea
881 2643 1011 2700 servent
1033 2635 1151 2701 stillis
1173 2636 1325 2707 fruantur
1347 2649 1427 2706 tam·

133 2737 199 2820 diu,
234 2736 339 2803 donec
361 2736 438 2802 illae
471 2736 654 2836 discordiae
677 2747 733 2803 aut
756 2740 972 2804 conventione
994 2740 1170 2826 amicabili,
1193 2743 1247 2809 vel
1265 2745 1361 2831 justo
1378 2747 1428 2834 ju·

132 2841 219 2907 dicio
241 2841 462 2924 terminentur,
485 2841 610 2907 nullum
633 2844 730 2907 etiam
752 2841 940 2930 etamplius
962 2843 1109 2929 relegant
1131 2855 1208 2932 etc.;
1232 2849 1320 2935 quod
1332 2849 1425 2918 nobis

132 2944 229 3013 valde
251 2943 412 3033 displicet.
433 2946 525 3013 Haec
549 2947 636 3012 enim
657 2949 777 3014 veritas
799 2947 982 3014 nullatenus
1006 2956 1065 3031 est,
1088 2951 1175 3036 quod
1211 2952 1288 3018 illae
1311 2954 1425 3023 literae

107 3052 201 3116 ·sine
224 3050 306 3116 scitu
328 3059 361 3116 et
381 3049 470 3116 finali
493 3050 658 3117 voluntate
679 3061 791 3118 nostra
806 3051 914 3118 editae
934 3052 1063 3120 fuerint.
1085 3054 1213 3122 Literas
1236 3058 1325 3124 enim
1346 3063 1428 3137 tales

131 3154 353 3243 Pragensibus
377 3177 451 3222 oum
474 3165 564 3222 certo
586 3165 696 3223 nostro
719 3157 885 3240 mandato,
904 3159 989 3238 scitu
1011 3168 1044 3224 et
1058 3159 1226 3226 voluntate
1249 3161 1351 3230 scribi
1361 3165 1428 3252 jus·

130 3262 242 3345 simus,
266 3262 363 3327 etiam
397 3284 495 3327 manu
530 3268 642 3326 nostra
662 3263 796 3351 propria
827 3261 1031 3329 subscribere
1053 3262 1178 3350 dignati
1198 3265 1330 3351 fluimus,
1346 3267 1428 3336 -buo-

129 3387 233 3453 usque
263 3368 360 3432 etiam
389 3365 463 3431 talis
498 3374 608 3434 nostra
637 3367 787 3432 voluntas
819 3376 869 3432 est
886 3369 984 3455 juxta
1004 3369 1129 3455 priores
1152 3369 1272 3435 literas.
1317 3371 1426 3440 Etiam

134 3468 215 3536 haec
236 3469 331 3537 nobis
354 3470 518 3536 notificata
539 3471 680 3555 fuerunt,
704 3470 790 3558 quod
810 3473 845 3538 in
868 3470 1062 3560 quibusdam
1084 3474 1270 3541 civitatibus
1292 3477 1427 3564 paroobi

131 3583 163 3639 et
197 3575 254 3641 alii
290 3575 473 3642 sacerdotes
507 3578 680 3642 conciones
716 3577 927 3644 tumultuosas
963 3587 995 3642 et
1031 3577 1191 3664 inquietas
1227 3578 1426 3667 declament,

122 3701 230 3744 unum
263 3688 376 3746 contra
406 3680 544 3746 alterum
578 3681 777 3747 concitantes
815 3691 846 3746 et
882 3683 1113 3770 vituperantes.
1157 3682 1301 3774 Ideoque
1332 3687 1427 3755 vobis

131 3782 333 3869 mandamus,
356 3794 392 3851 ut
412 3785 565 3873 parochis
587 3796 620 3853 et
642 3786 769 3852 clericis
791 3788 911 3852 vestris
925 3788 1053 3853 nomine
1074 3788 1193 3854 Nostro
1207 3791 1427 3880 praecipiatis,

135 3895 171 3955 ut
192 3909 213 3951 a
234 3887 353 3954 talibus
392 3889 604 3956 concionibus
639 3889 844 3958 tumultuosis
883 3900 1020 3974 cessent,
1053 3913 1115 3958 nec
1147 3893 1286 3980 amplius
1310 3896 1429 3964 similia

133 3991 324 4080 praedicare
347 4004 564 4081 praesumant,
588 3997 654 4061 imo
675 3998 784 4085 potius
806 3995 962 4083 populum
985 3996 1029 4061 ad
1050 3996 1251 4082 charitatem,
1275 4000 1427 4087 quietem,

131 4118 247 4185 pacem
270 4105 302 4162 et
323 4097 531 4165 concordiam
566 4098 771 4184 admoneant,
806 4100 950 4165 animent
984 4111 1017 4166 et
1037 4098 1203 4180 inducant,
1241 4111 1274 4168 et
1295 4103 1325 4169 si
1355 4107 1428 4193 quis

130 4202 169 4265 in
192 4201 323 4267 civitate
346 4211 456 4268 nostra
477 4204 687 4287 inveniretur,
711 4204 766 4292 qui
788 4226 808 4268 a
829 4204 894 4271 fide
917 4214 1029 4271 sancta
1052 4206 1228 4272 christiana
1249 4207 1424 4295 aberraret,

131 4303 253 4371 illaad
275 4328 334 4372 vos
369 4315 401 4371 et
423 4306 608 4373 sacerdotes
640 4317 766 4374 vestros
789 4310 914 4387 citetur,
938 4319 970 4375 et
992 4310 1020 4376 si
1040 4312 1200 4376 veraciter
1229 4311 1279 4377 illi
1300 4312 1424 4404 aliquid

132 4410 236 4476 simile
257 4410 428 4498 probatum
448 4411 545 4477 fuerit
566 4422 599 4477 et
619 4414 775 4500 agnitum,
798 4413 872 4479 talis
895 4414 1083 4500 corrigatur.
1107 4413 1234 4481 sivero
1256 4416 1292 4482 in
1316 4438 1428 4485 errore

132 4536 190 4580 sno
227 4523 401 4581 contumax
443 4517 593 4585 inventus
616 4518 713 4585 fuerit
733 4529 766 4585 et
801 4518 920 4606 corrigi
955 4542 1020 4585 non
1062 4521 1212 4606 potuerit,
1250 4519 1308 4587 tali
1344 4524 1428 4589 intra

133 4618 278 4685 debitum
313 4629 440 4708 tempus
474 4622 561 4690 bona
596 4644 655 4690 sua
686 4625 830 4690 vendere
862 4623 1068 4692 mandabitis.
1111 4621 1257 4713 Ideoque
1286 4627 1430 4695 scientes

127 4721 217 4818 banc
238 4732 385 4817 masuam
409 4749 482 4795 esse
504 4727 712 4815 voluntatem,
745 4729 793 4795 ita
813 4751 892 4798 vos..
905 4731 1035 4817 geretis,
1065 4731 1430 4811 sicutvobissoribene
