2948 5040
1283 159 1348 229 257

51 331 290 402 cordiae-inter
308 351 371 398 nos
391 330 569 418 diligenter
591 345 624 399 et
644 333 874 400 amicabiliter
898 339 1096 422 componant
1125 341 1158 400 st
1190 333 1234 401 ad
1255 331 1361 402 tran·¹

53 438 250 528 quillitatem
270 434 472 525 perducant3
510 459 568 503 cur
589 445 697 503 autem
718 460 772 504 res
793 438 857 505 bae
878 437 922 503 ad
942 437 1066 503 nullam
1087 441 1344 508 transactionem

52 544 225 630 hucusque
246 542 464 631 pervenirent·
476 545 694 632 etpenvenire
716 564 783 610 non
803 544 980 631 potuerint,
994 543 1121 632 absque
1136 544 1237 613 dubio
1257 546 1345 615 Suae

52 651 181 738 Regiae
202 650 366 739 Majestati
388 649 470 717 baec
492 652 602 717 omnia
623 658 701 718 nota
723 658 807 717 sunt.
852 645 925 718 Hae
944 651 1090 718 tandem
1124 651 1348 719 dissensiones

56 756 99 822 ad
122 757 322 823 citationem·
334 763 367 821 et
382 755 547 844 judicium
566 755 689 822 deferri
711 755 914 842 debuerunt3
938 779 1011 823 cum
1032 774 1111 824 vero
1142 756 1208 824 Sua
1228 757 1348 847 Majes·

56 871 107 928 tas
129 861 235 948 Regia
257 882 301 926 ex
320 861 434 925 innata
453 859 658 946 benignitate
680 859 747 926 Sua
776 872 881 949 aequo
915 863 1024 928 animo
1059 860 1178 928 suffere
1208 883 1276 928 non
1298 883 1349 928 so·

56 966 133 1049 leat,
157 987 221 1032 nec
239 963 409 1030 desideret
431 963 633 1030 subditorum
655 986 787 1031 suorum
820 964 1003 1033 discordias
1026 975 1059 1033 et
1074 963 1211 1054 judicia,
1241 964 1349 1032 denuo

56 1071 213 1158 dignatus
234 1068 296 1136 fuit
317 1070 377 1136 has
398 1078 525 1135 nostras
547 1069 767 1138 dissensiones
790 1070 956 1139 amicabili
976 1070 1188 1138 transactioni
1209 1069 1349 1155 nedem,

57 1198 119 1264 pro
153 1197 219 1265 qua
246 1177 471 1269 ¹transactione
494 1172 696 1262 perficienda
715 1174 840 1264 placuit
868 1173 975 1251 eidem
997 1174 1209 1244 notabiliores
1230 1197 1349 1266 proce·

57 1304 112 1347 res
136 1281 234 1368 hujus
254 1281 350 1366 regni
362 1279 607 1345 commissarios
615 1280 828 1367 constituere,¹
847 1279 965 1368 quibus
981 1280 1155 1350 ridebatur
1166 1279 1349 1351 consultum

58 1396 91 1453 et
113 1384 261 1451 debitum
280 1404 368 1466 esse,
399 1383 498 1470 apud·
519 1405 579 1450 vos
611 1391 737 1458 tantum
771 1385 917 1469 efficere,
949 1396 985 1453 ut
1017 1409 1078 1454 nos
1100 1393 1238 1473 quatuor
1260 1370 1349 1451 certo

59 1489 201 1577 quodam
233 1487 331 1555 modo
352 1488 387 1552 in
410 1487 542 1554 civitate
563 1510 727 1554 moremur
749 1496 782 1554 et
808 1487 980 1556 vobiscum
1003 1488 1219 1566 amicabiliter
1240 1497 1273 1555 et
1293 1509 1349 1576 pa-

60 1593 156 1659 cifice
179 1590 404 1681 colloquamur
425 1599 459 1657 et
480 1612 626 1678 agamus,
650 1591 768 1681 quibus
791 1593 1012 1660 mediantibus
1024 1592 1234 1660 omnia·baec
1256 1591 1351 1659 dissi·

60 1697 117 1763 dia
136 1698 225 1763 inter
246 1716 359 1763 omnes
382 1695 426 1761 ad
448 1694 593 1761 debitam
615 1697 896 1784 compositionem,
921 1705 955 1764 et
976 1697 1245 1786 tranquillitatem
1277 1716 1351 1784 per·

58 1803 174 1868 venire
195 1801 343 1889 possint3
365 1799 428 1865 hoc
450 1800 537 1865 enim
558 1801 691 1865 unicum
713 1798 948 1885 desideramus,
970 1809 1007 1867 ut
1027 1802 1113 1867 inter
1140 1823 1253 1869 omnes
1276 1798 1352 1890 oba·

59 1909 140 1973 ritas
163 1914 196 1971 et
218 1902 393 1972 concordia
415 1904 499 1970 effici
521 1905 633 1992 possit
677 1904 744 1971 Ubi
767 1905 865 1970 etiam
889 1904 985 1971 simul
1006 1905 1108 1972 multa
1128 1905 1298 1995 proposita
1319 1910 1353 1970 et

60 2009 228 2076 declarata
258 2007 398 2091 fuerunt,
436 2029 519 2096 quae
542 2007 682 2073 charitas
704 2016 737 2074 et
759 2009 935 2076 concordia
957 2016 990 2076 ot
1012 2032 1031 2076 e
1052 1994 1166 2076 conus
1187 2007 1298 2077 odium
1321 2017 1354 2074 et

59 2112 356 2181 discordiasecum
377 2111 484 2193 ferant
504 2120 538 2178 et
557 2121 702 2197 causent,
723 2113 969 2201 inmemoriam
983 2124 1173 2182 revocantes
1204 2120 1354 2181 veterum

61 2219 235 2284 chronicas
248 2226 281 2282 et
289 2215 454 2299 historias,
474 2215 707 2305 quodpropter
728 2216 809 2290 talia
826 2217 902 2284 odia
913 2227 947 2286 et
961 2218 1183 2286 dissensiones
1201 2237 1352 2303 magnae,

61 2329 212 2407 potentes
235 2328 269 2386 et
290 2318 410 2384 divites
432 2319 594 2404 civitates,
617 2321 682 2385 imo
694 2342 798 2406 regna
809 2304 938 2408 integra
948 2322 983 2387 in
996 2325 1124 2390 ruinam
1140 2330 1173 2401 et
1183 2322 1353 2388 interitum

64 2426 281 2511 pervenirent
298 2441 301 2447 ·
316 2422 420 2489 Simul
442 2425 490 2488 eis
512 2424 548 2488 in
569 2425 760 2490 memoriam
782 2413 975 2492 revocantes
996 2434 1243 2522 proposuerunt,
1266 2423 1354 2514 quod

66 2529 198 2619 quidam
226 2529 357 2616 illorum
385 2529 421 2593 in
450 2528 578 2595 officiis
596 2535 629 2594 et
659 2526 828 2596 laboribus
864 2532 1106 2597 communitatis
1135 2531 1233 2621 hujus
1261 2528 1353 2596 urbis

63 2634 240 2717 constituti,
263 2633 393 2699 bonum·
408 2640 441 2697 et
462 2632 634 2725 honestum
667 2632 765 2723 hujus
794 2635 937 2702 civitatis
970 2636 1145 2723 diligenter
1174 2655 1354 2724 procurare

62 2738 248 2806 studuerint
262 2735 568 2803 stallaboraverint
590 2736 714 2804 Ultimo
736 2738 869 2805 tandem
891 2739 1130 2822 concluserunt,
1155 2737 1364 2806 sibi‘notum'

60 2844 162 2912 valde
185 2864 267 2919 esse,
290 2841 378 2927 quod
401 2841 533 2930 quidam
553 2843 640 2908 inter
660 2841 735 2908 illos
771 2843 989 2927 inveniantur,
1024 2843 1078 2931 qui
1099 2843 1193 2908 varia
1213 2840 1356 2908 adversa

62 2948 289 3031 disseminent,
311 2945 460 3013 volentes
483 2969 538 3013 eos
560 2948 596 3013 in
618 2947 730 3013 odium
753 2956 787 3014 et
808 2947 969 3015 invidiam
990 2945 1191 3038 pertrahere,
1213 2943 1355 3032 ideoque

63 3052 152 3142 quod
173 3050 330 3138 flagitent,
352 3059 389 3117 ut
409 3050 501 3116 falsis
523 3050 809 3131 informationibus
822 3059 856 3118 et
866 3051 963 3118 dictis
977 3051 1076 3117 fidem
1087 3069 1154 3116 non
1164 3046 1353 3131 adhibeant,

63 3180 127 3223 nec
162 3156 272 3223 locum
302 3153 492 3244 praebeant,
524 3154 675 3244 quodque
707 3178 768 3245 per
789 3164 890 3223 totam
912 3158 1014 3224 sitam
1036 3177 1128 3222 suam
1151 3153 1193 3220 de
1214 3152 1266 3219 hie
1288 3173 1355 3218 non

63 3261 291 3350 cogitaverint,
313 3281 398 3347 quae
419 3258 460 3324 de
482 3281 519 3324 se
541 3258 629 3339 dicta
651 3269 734 3344 sunt,
765 3282 873 3351 neque
894 3261 961 3327 ullo
982 3269 1130 3349 tempore
1152 3258 1356 3347 quiscunque

40 3360 206 3456 'probare
227 3365 357 3454 poterit.
378 3363 489 3429 Etiam
509 3362 615 3453 (ajunt
632 3362 695 3453 illi)
719 3364 770 3430 his
792 3387 853 3431 nos
876 3364 1079 3454 subjicimus,
1102 3360 1190 3451 quod
1218 3363 1247 3428 si
1269 3361 1356 3450 quis·

64 3492 196 3558 cunque
217 3469 259 3536 de
281 3490 391 3534 errore
413 3464 562 3555 quodam,
586 3467 715 3534 haeresi
735 3468 791 3536 rel
812 3468 879 3534 alia
909 3470 1026 3557 quavis
1055 3490 1092 3535 re
1120 3489 1181 3534 nos
1217 3487 1356 3554 arguere

64 3577 157 3663 velit,
182 3584 215 3640 et
236 3573 291 3640 ille
313 3575 349 3638 in
370 3572 432 3639 hac
454 3573 585 3639 civitate
607 3572 703 3656 adsit,
736 3581 773 3639 ut
794 3595 831 3639 se
852 3574 996 3640 insinuet
1017 3580 1050 3640 et
1070 3595 1131 3639 nos
1154 3572 1273 3662 culpet,
1294 3592 1356 3637 nos

64 3678 202 3746 cuilibet
223 3676 422 3764 respondere
446 3685 479 3743 et
501 3676 689 3744 satisfacere
711 3679 817 3765 parati
840 3700 960 3746 sumus.
996 3677 1090 3745 Bene
1111 3679 1190 3745 item
1213 3677 1356 3766 concipi-

61 3806 147 3868 mus,
170 3780 259 3871 qnod
274 3782 338 3848 sibi
350 3780 483 3870 quidam
505 3790 651 3849 vestrum
674 3780 891 3850 substantiam
913 3783 1077 3872 quandam
1100 3790 1133 3849 et
1147 3788 1275 3848 scutum
1288 3778 1357 3845 effr-

64 3911 152 3972 cere,
173 3886 270 3953 nobis
293 3908 459 3974 opponere
481 3897 514 3952 et
536 3897 649 3954 conta
670 3910 731 3954 nos
753 3888 957 3955 voluntatem
969 3910 1062 3955 suam
1078 3906 1234 3953 exercere
1244 3883 1356 3968 vellet,

63 3994 207 4080 ideoque
228 3990 424 4078 flagitamus,
459 4000 638 4079 sperantes,
677 3991 764 4080 quod
785 3999 821 4058 ut
842 3992 993 4059 homines
1015 3991 1193 4081 prudentes
1214 3990 1302 4056 facta
1323 3994 1358 4053 et

63 4101 193 4165 intenta
213 4095 321 4161 aliena
342 4096 377 4161 in
400 4116 435 4162 se
456 4097 546 4185 ipsos
569 4118 635 4163 non
658 4097 852 4185 suscipietis.
882 4097 946 4163 His
969 4092 1276 4163 diotisneoPassek
1294 4112 1358 4158 nso

62 4202 164 4270 turba
186 4203 266 4289 ejus,
289 4214 344 4265 aut
367 4199 453 4265 ullus
475 4200 560 4267 alius
582 4201 743 4290 quaedam
764 4203 800 4268 in
822 4203 1020 4269 contrarium
1041 4201 1203 4290 opposuit
1216 4195 1358 4265 Passek

64 4307 157 4374 enim
178 4313 290 4369 tacens
314 4304 422 4391 capite
444 4303 587 4371 demisso
609 4305 645 4371 in
668 4327 801 4373 scamno
824 4305 941 4373 sedens
963 4307 1152 4397 permansit,
1172 4324 1234 4370 nec
1254 4301 1358 4368 ullum

63 4410 204 4482 verbum
226 4407 269 4474 ad
291 4407 373 4473 haec
395 4410 509 4475 emisit
532 4408 730 4478 Mandarunt
752 4412 800 4478 eis
821 4412 922 4499 igitur
943 4420 1120 4495 senatores,
1143 4416 1179 4476 ut
1190 4405 1359 4499 paululum

62 4514 234 4598 recedant,
256 4534 323 4578 non
346 4512 403 4578 diu
423 4514 509 4580 inter
531 4537 567 4581 se
588 4515 630 4582 de
652 4515 704 4582 bis
728 4516 880 4587 collocuti
915 4516 1056 4601 morunt,
1089 4510 1222 4604 illisque
1250 4510 1359 4578 denuo

63 4622 109 4688 ad
132 4619 397 4687 communitatem
419 4620 592 4704 revocatis,
614 4613 712 4687 valde
734 4620 871 4689 honeste
892 4622 967 4689 illos
989 4622 1203 4710 alloquentes,
1226 4636 1359 4706 respon-

66 4748 144 4796 sum
166 4718 299 4793 interim
322 4720 388 4790 tale
410 4720 477 4790 illis
498 4722 613 4793 datrm
633 4723 705 4811 fuit,
728 4722 816 4816 quod
836 4734 906 4796 tam
927 4725 1058 4797 Passek
1077 4745 1183 4814 quam
1197 4723 1374 4805 mensura
