2948 5040
146 168 208 236 tos

143 342 216 427 regi
237 340 377 423 dixistis,
401 334 487 423 quod
509 335 576 400 Sua
595 333 751 422 Majestas
772 335 867 402 nobis
889 334 931 401 ad
954 335 1037 402 haec
1057 336 1202 422 obligata
1225 337 1276 415 sit,
1298 335 1435 403 ethaeo

143 465 197 511 res
218 442 263 509 ad
284 466 357 509 eum
379 438 526 529 spectet?
549 437 633 505 (lum
656 461 733 526 ergo
755 440 837 506 haec
866 462 920 506 res
943 442 985 507 ait
1005 442 1105 530 regia,
1127 449 1205 509 tunc
1225 449 1340 510 nostra
1362 462 1434 507 esse

143 572 210 615 non
232 557 345 637 potest
376 544 443 612 Our
465 545 506 610 de
521 543 679 609 solutione
705 542 935 628 sollicitastis,
958 566 1031 612 cum
1053 546 1093 613 ad
1117 566 1263 612 noanon
1285 545 1436 634 spectet?

145 655 298 720 Attamen
322 654 392 718 sine
413 651 645 723 allaboratione
666 659 778 716 nostra
813 648 929 716 solutio
962 652 1045 719 haec
1076 675 1142 720 non
1171 649 1323 736 dabitur,
1361 651 1436 717 hin'c

138 758 321 827 curandum
345 764 403 840 est,
425 754 522 838 undo,
546 763 579 820 et
601 774 643 819 ex
666 753 782 841 quibus
803 753 920 820 mediis
942 778 963 821 a
984 756 1051 823 Sua
1071 757 1245 845 Majestate
1266 758 1331 824 hoc
1356 756 1434 824 solvi

143 863 284 932 debeat?
306 863 462 950 Princeps
474 858 610 926 Carolus
632 880 710 925 vero
733 859 926 926 confirmans
949 860 1049 927 dixit:
1083 863 1142 949 „Id
1164 863 1261 930 facile
1283 863 1360 929 fieri
1381 885 1433 951 po·

145 979 220 1054 test3
244 966 402 1056 quaedam
415 965 501 1029 enim
520 986 645 1030 summa
665 963 707 1028 de
728 962 854 1030 tributis
878 974 1074 1053 congregata
1096 977 1145 1034 111
1166 968 1250 1053 ideo,
1273 978 1311 1033 ut
1334 969 1433 1035 inde·

142 1076 212 1142 bita
226 1083 258 1140 11
279 1074 489 1139 necessitates
511 1070 618 1154 regias
639 1066 874 1158 impendatur.“
898 1069 986 1134 Dum
1010 1092 1087 1157 ergo
1104 1071 1230 1158 legatus
1244 1071 1434 1156 audivisset,

142 1180 231 1267 quod
251 1200 360 1266 araga
382 1177 464 1243 haec
479 1173 634 1241 solvenda
646 1175 719 1257 sint,
742 1175 826 1239 dixit
839 1173 905 1239 eis:
932 1175 1165 1262 ,llxecuton'as
1178 1178 1274 1243 vobis
1296 1198 1434 1266 praepa·

143 1285 241 1368 rabo,
256 1292 312 1349 aut
332 1281 521 1371 praeparari
550 1278 721 1364 mandabo,
755 1301 862 1368 neque
883 1302 942 1348 vos
965 1280 1085 1346 diutius
1109 1279 1254 1347 detinere
1277 1281 1431 1366 intend03

141 1389 273 1456 unicum
293 1406 420 1469 moneo,
442 1394 487 1469 ut,
510 1384 698 1473 quodjuris
720 1394 753 1450 ot
773 1390 872 1452 moris
908 1393 966 1469 est,
998 1386 1103 1472 agatis
1135 1394 1168 1450 11
1187 1388 1430 1455 revocationem

142 1492 328 1574 absolvatis,
351 1512 468 1578 nempe
490 1488 654 1577 quaelibet
674 1511 814 1576 persona
842 1490 1033 1555 nominatim
1064 1490 1293 1577 singulariter,
1326 1492 1434 1580 impri-

143 1599 204 1662 mis
226 1618 304 1663 vero
327 1617 395 1680 vos,
426 1594 549 1660 domini
571 1594 716 1680 magistri
751 1603 783 1660 11
816 1595 943 1679 1111111,
979 1596 1035 1684 qui
1065 1594 1126 1660 sub
1159 1604 1300 1681 utraque
1324 1597 1432 1685 specie

143 1702 405 1783 communicatis,
440 1722 498 1766 vos
520 1699 606 1765 enim
628 1698 710 1765 haec
731 1721 783 1764 res
806 1700 982 1782 concernit,
1017 1699 1072 1787 qui
1093 1699 1165 1786 jam
1188 1722 1277 1765 nuno
1298 1722 1382 1766 vere
1404 1710 1431 1765 et

142 1804 279 1870 firmiter
300 1803 467 1870 intenditis
489 1802 645 1868 accedere
667 1805 700 1867 in
729 1802 948 1869 obedientiam
978 1811 1109 1868 sanctae
1131 1803 1299 1870 Romanae
1335 1804 1434 1871 eccle·

144 1912 214 1975 siae
235 1919 268 1975 et
289 1909 376 1975 sedis
398 1908 604 1996 apostolicae.
627 1907 750 1995 Estque
761 1907 814 1973 hic
836 1906 915 1974 ordo
937 1909 971 1973 in
995 1908 1134 1974 ccclesia
1157 1917 1279 1992 sancta,
1304 1919 1341 1975 11
1362 1932 1435 1976 eon·

144 2014 279 2080 suetudo
301 2014 342 2081 ab
354 2013 477 2098 aliquot
498 2013 642 2078 centenis
664 2013 767 2095 annis,
785 2013 871 2098 quod
892 2012 951 2096 illi,
974 2014 1029 2099 qui
1051 2015 1086 2079 in
1108 2013 1271 2101 quoddam
1295 2015 1433 2081 schisma

140 2120 332 2203 inciderunt,
355 2118 586 2204 poenitentiam
598 2137 696 2202 agere
718 2116 907 2202 debuerint3
924 2119 1045 2205 pariter
1067 2127 1099 2182 11
1110 2117 1187 2201 Vos,
1212 2120 1318 2205 quiin
1328 2119 1434 2186 inobe-

142 2225 264 2292 dientia
286 2223 529 2312 perseverastis,
552 2223 670 2299 omnia,
691 2221 807 2309 quibus
829 2222 995 2309 hucusque
1016 2222 1111 2287 malis
1133 2221 1345 2308 adhaesistis,
1369 2246 1433 2291 oon·

141 2339 286 2395 temnere
308 2328 444 2410 debetis,
473 2329 505 2392 et'
525 2325 591 2390 illis
612 2326 839 2391 renunciantes
862 2327 1034 2392 ecclesiam
1056 2336 1201 2393 sanctam
1222 2327 1385 2413 profiteri,
1406 2336 1432 2394 et

141 2435 176 2500 in
197 2435 304 2500 futura
326 2440 482 2521 perpetua
502 2439 647 2517 tempora
668 2429 711 2495 ad
732 2429 813 2496 haec
837 2431 923 2495 mala
935 2440 966 2495 et
983 2454 1108 2499 errores
1128 2453 1297 2520 nunquam
1324 2433 1427 2515 redire,

142 2560 249 2626 nequo
269 2540 369 2604 vestri
392 2560 605 2605 successores.
633 2537 743 2603 Fateri
758 2539 844 2603 enim
866 2538 1001 2623 debetis,
1024 2540 1109 2627 quod
1123 2560 1234 2606 omnes
1250 2549 1423 2608 antecesso-

116 2656 119 2661 ’
142 2665 194 2709 111
217 2644 327 2721 111111,
361 2645 417 2728 qui
439 2646 474 2709 in
495 2642 552 2709 tali
578 2642 799 2709 inobedientia
826 2655 1091 2730 perseverarunt,
1121 2646 1278 2713 haeretici
1300 2647 1428 2732 fuerinl3

142 2769 202 2814 vos
224 2770 302 2814 vero
324 2749 476 2814 virtutem
500 2757 632 2814 sanctae
655 2747 867 2832 obedientiae,
891 2751 960 2814 sine
982 2772 1047 2836 qua
1070 2751 1187 2817 salvari
1211 2773 1277 2817 non
1291 2753 1432 2840 potestis,

142 2853 331 2940 agnovistis,
355 2862 387 2918 et
408 2852 619 2940 profitemini,
654 2852 742 2940 quod
764 2855 797 2918 in
820 2853 876 2919 illa
897 2876 1106 2941 perseverare
1128 2855 1254 2940 velitis3
1290 2857 1433 2924 adhaec

142 2979 201 3023 vos
223 2957 356 3046 adjuvet
366 2958 457 3023 Deus
473 2955 579 3040 Pater,
602 2957 706 3022 Filius
723 2966 756 3023 et
767 2956 906 3045 Spiritus
922 2960 1069 3045 Sanctus,
1092 2952 1313 3046 virgoMaria,
1339 2960 1434 3028 sancti

140 3061 256 3127 Petrus
278 3073 309 3127 et
330 3061 459 3145 Paulus,
483 3072 514 3126 et
529 3084 642 3127 omnes
665 3061 805 3128 coclites.
852 3062 958 3140 Credo
981 3088 1068 3132 nunc
1091 3067 1196 3147 etiam,
1220 3065 1311 3151 quod
1327 3066 1435 3133 laetior

141 3164 255 3231 redibo
277 3165 460 3230 adPatrem
476 3167 723 3249 sanctissimum,
747 3165 825 3232 dum
847 3169 958 3234 omnia
979 3168 1065 3256 apud
1087 3192 1146 3235 vos
1163 3170 1291 3259 jamin
1314 3170 1433 3258 perfec·

141 3271 216 3335 tiori
238 3278 323 3335 statu
343 3271 583 3336 inveniuntur.“
607 3270 662 3335 Ad
676 3269 758 3336 haec
778 3271 913 3357 Passek,
936 3274 1121 3341 Korambus
1143 3281 1175 3339 et
1196 3272 1435 3342 administrator

143 3373 256 3441 Gallus
278 3374 440 3457 dixerunt,
464 3397 499 3439 se
521 3373 602 3440 haec
616 3399 713 3462 agere
728 3398 794 3442 non
807 3398 920 3464 posse3
943 3386 1033 3445 tanta
1048 3380 1133 3445 enim
1148 3380 1183 3443 in
1193 3376 1359 3445 mandatis
1373 3402 1432 3446 non

142 3478 271 3562 habere,
304 3500 340 3543 se
371 3479 468 3543 ctiam
490 3500 542 3544 res
565 3479 645 3545 tales
668 3502 732 3545 non
760 3481 970 3568 praevidisse.
1002 3482 1123 3548 Verum
1155 3483 1183 3547 si
1204 3482 1286 3547 haec
1317 3482 1432 3550 diutius

142 3582 264 3649 differri
285 3591 429 3669 possent,
453 3603 488 3648 11
509 3583 595 3648 velle
617 3584 791 3663 sollicitari,
815 3597 850 3652 ut
870 3585 913 3652 ad
934 3586 991 3654 illa
1005 3588 1118 3653 accedi
1138 3590 1251 3676 possit,
1275 3591 1433 3660 dicentes:

144 3686 384 3768 ἦ0111111111,
404 3685 490 3774 quod
511 3688 596 3754 intra
618 3690 759 3777 quinque
774 3708 877 3757 annos
899 3693 980 3758 hacc
1000 3692 1096 3758 facile
1118 3694 1331 3764 efficeremus.
1354 3699 1432 3765 Nam

142 3792 226 3856 intra
247 3799 373 3878 tempus
396 3793 550 3879 exigam
570 3793 750 3879 profectum
773 3797 931 3862 sensimus
957 3798 991 3860 in
1014 3799 1242 3864 communitate
1265 3800 1431 3890 Pragensi,

142 3896 228 3983 quod
249 3895 387 3983 populus
402 3898 566 3964 Romanae
582 3898 652 3964 sedi
666 3899 819 3985 proclivis
834 3902 938 3967 factus
961 3901 1066 3984 fuerit,
1089 3912 1121 3968 et
1141 3903 1176 3967 in
1198 3903 1347 3972 favorem
1362 3930 1431 3975 cnm

139 3999 294 4067 Romanis
310 4002 494 4089 perductus,
518 4027 556 4070 ao
577 4003 642 4070 illis
664 4005 804 4070 unitus.“
825 4005 1005 4093 Respondit
1025 4006 1168 4095 legatus:
1194 4009 1314 4095 ,Agite
1336 4014 1432 4100 igitur

140 4106 176 4171 in
196 4107 328 4173 nomine
348 4108 491 4192 Domini,
526 4118 558 4175 et
585 4116 756 4196 postquam
779 4109 822 4174 ad
844 4109 1106 4175 satisfaciendum
1135 4112 1312 4198 praedictis
1335 4117 1428 4183 rebus

140 4211 244 4298 parati
265 4210 401 4297 fueritis,
425 4215 548 4296 scitote,
564 4235 617 4278 me
631 4214 771 4279 amicum
783 4214 995 4280 favorabilem
1017 4215 1079 4280 hac
1100 4218 1135 4296 in
1156 4227 1248 4305 parte
1263 4242 1338 4288 esse
1348 4220 1428 4311 apud

139 4314 270 4381 Patrem
291 4318 561 4383 sanctissimum.“
584 4317 722 4384 Bohemi
742 4319 851 4404 itaque
872 4319 953 4384 nihil
969 4321 1098 4387 efficere
1120 4330 1302 4409 potuerunt,
1326 4328 1427 4417 legato

139 4419 310 4507 indignati,
339 4420 426 4506 quod
454 4420 528 4487 illos
558 4421 599 4487 de
628 4445 693 4489 uno
715 4430 859 4510 tempore
888 4425 922 4489 in
944 4424 1079 4490 alterum
1102 4425 1224 4491 ducens
1248 4429 1424 4500 detinuerit

139 4523 276 4593 Reversi
297 4524 397 4614 igitur
418 4534 492 4592 sunt
513 4527 546 4590 in
569 4526 759 4594 Bohemiam
780 4529 892 4596 vacuis
914 4528 1063 4596 manibus
1087 4539 1119 4596 et
1135 4553 1170 4596 re
1193 4533 1325 4602 infecta.
