2948 5040
1307 133 1370 203 241

67 294 211 373 ferventi
230 327 343 401 amore
366 326 445 393 erga
465 304 587 389 Deum,
620 304 676 371 vel
697 303 795 375 etiam
816 323 895 389 erga
915 303 1110 391 proximum,
1134 300 1194 369 sed
1216 323 1259 370 ex
1279 326 1371 371 mera

67 410 155 476 falsa
176 408 372 495 adulatione,
396 408 490 498 quasi
511 407 781 475 christianitatem
796 428 909 474 veram
930 406 1066 495 perinde
1076 405 1216 496 probare
1236 407 1370 489 vellent,

67 523 107 581 ut
127 537 240 605 regem
262 514 429 583 dominum
451 537 545 581 suum
568 522 674 579 aetate
702 513 865 601 juniorem
887 510 930 577 ad
952 510 1019 595 sibi,
1037 508 1213 579 ferendum
1234 532 1370 600 persua·

68 619 196 699 derent,
221 642 260 688 eo
281 618 506 704 intendebant,
528 628 626 708 prout
646 619 744 684 etiam
775 616 817 683 ad
850 616 932 682 haec
953 638 1076 705 pronus
1098 616 1168 702 fuit,
1200 619 1288 706 quod
1308 619 1370 703 ¹fer·

66 747 184 792 vorem
205 723 284 790 fidei
305 732 438 797 sanotae
463 733 495 789 et
516 722 686 809 religionis
709 743 730 787 a
750 720 915 807 magistris
938 721 1005 785 suis
1019 720 1177 787 Romanis
1199 722 1370 811 implanta-

68 837 141 895 tum
163 827 322 912 habuerit,
345 830 400 916 qui
421 827 558 915 perinde
589 826 762 894 voluerunt
789 816 990 915 impietatem
1019 850 1111 893 suam
1133 828 1253 896 etalio
1272 830 1369 917 mala,

69 942 170 1022 prout
189 934 260 1021 jam
281 931 362 1016 dixi,
385 931 549 1018 obtegere,
570 931 605 996 in
628 930 744 1019 quibus
761 932 834 1019 jam
854 931 935 997 alias
952 953 994 997 se
1017 932 1147 1000 domino
1170 958 1228 1003 suc
1250 939 1371 1027 regist

66 1037 159 1104 omni
181 1035 300 1125 populo
324 1034 550 1119 exhibuerunt,
585 1037 728 1102 maxime
755 1037 791 1101 in
823 1035 1094 1125 praecedentibus
1126 1039 1305 1128 disturbiis,
1326 1042 1370 1109 de

69 1141 191 1231 quibus
215 1141 311 1207 modo
334 1141 451 1227 agitur.
494 1140 549 1206 Illi
571 1142 659 1207 enini
683 1140 884 1228 judicarunt,
918 1141 1006 1229 quod
1026 1165 1097 1208 rem
1118 1143 1217 1213 valde
1238 1152 1366 1233 gratam

67 1247 143 1334 regi
164 1244 441 1329 demonstrabunt,
463 1243 604 1332 ideoque
636 1243 786 1311 lubentes
817 1266 929 1312 omnes
963 1244 1028 1311 sibi
1049 1245 1259 1315 adversantes
1289 1270 1368 1315 con·

67 1351 209 1417 cremari
229 1349 448 1432 mandassent,
478 1358 514 1414 ut
533 1340 666 1415 unicum
688 1348 808 1420 hocin
831 1350 981 1416 effectum
1004 1349 1177 1435 deducant,
1211 1352 1297 1441 quod
1317 1352 1368 1419 iu·

66 1455 222 1522 tentionis
246 1475 358 1519 eorum
379 1452 456 1537 fuit3
490 1451 577 1540 quod
599 1461 706 1519 autem
739 1452 878 1519 antehac
901 1452 961 1519 sub
983 1476 1062 1541 rege
1083 1453 1252 1521 Ludovico
1284 1476 1367 1523 nun·

69 1582 169 1646 quam
191 1565 488 1648 praesumpserunt,
510 1565 547 1622 ut
567 1564 677 1623 tantae
699 1559 868 1643 sanguinis
881 1559 1047 1625 effusionis
1071 1581 1170 1625 causa
1192 1560 1267 1645 sint,
1291 1560 1368 1649 quia

66 1687 130 1731 rex
149 1663 337 1730 Ludovicus
358 1671 424 1728 tam
446 1672 568 1751 pronus
590 1683 656 1727 non
678 1661 786 1728 fuerat
804 1661 846 1728 ad
878 1661 1141 1751 profundendum
1164 1664 1366 1752 sanguinem.

66 1771 161 1836 Haec
183 1768 288 1835 solum
308 1766 448 1852 admisit,
481 1765 568 1854 quod
589 1774 637 1831 tot
658 1787 678 1831 a
700 1767 832 1833 civitate
862 1766 1089 1853 relegaverint
1134 1767 1217 1837 Inde
1238 1779 1368 1863 tempus

68 1897 163 1943 suum
184 1880 425 1961 exspectanmt,
446 1880 484 1938 ut
504 1869 704 1959 adimpleant
726 1893 819 1937 suum
841 1871 962 1963 malum
984 1868 1181 1940 desiderium
1203 1896 1278 1943 curn
1298 1898 1366 1945 ma·

67 1980 179 2067 gistris
203 1979 273 2045 suis
293 1976 433 2060 clericis,
456 1997 520 2062 quo
532 1974 660 2041 facilius
681 1998 742 2064 per
756 1976 821 2043 tale
843 1977 975 2066 tyranni
986 1974 1129 2042 officium
1141 1979 1230 2069 apud
1252 2004 1365 2069 regem

63 2085 212 2151 favorem
245 2084 414 2172 acquirere
446 2081 582 2170 possint,
616 2088 649 2145 et
670 2080 713 2146 ad
731 2082 872 2169 rigorem
907 2102 981 2146 eum
1001 2082 1139 2150 incitent
1168 2095 1282 2155 contra
1302 2088 1364 2156 ad-

64 2210 196 2256 versam
220 2187 285 2254 sibi
306 2196 442 2277 partem,
466 2192 564 2273 prout
583 2183 658 2251 illos
680 2184 773 2270 false,
796 2184 1019 2252 fraudulenter
1032 2195 1065 2253 et
1086 2189 1156 2257 sine
1169 2191 1363 2279 probatione

64 2314 128 2380 pro
149 2291 334 2358 Pickhartis
356 2296 537 2378 gesserunt,
560 2297 593 2354 et
613 2311 672 2376 pro
695 2289 813 2356 talibus
834 2291 869 2355 in
892 2312 1000 2356 errore
1022 2314 1061 2358 ac
1082 2293 1211 2365 haeresi
1230 2320 1363 2367 versan-

68 2397 157 2462 tibus
178 2396 372 2479 bominibus,
394 2396 429 2462 in
451 2395 561 2461 odium
575 2402 607 2461 et
620 2393 838 2483 perditionem
848 2394 922 2461 illos
936 2394 1098 2469 deducere
1113 2399 1278 2483 volentes3
1300 2402 1364 2473 hcc

69 2509 176 2567 autem
194 2524 262 2568 non
277 2501 501 2584 observarunt,
525 2499 613 2587 quod
628 2499 759 2586 ipsimet
767 2502 844 2575 ¹sine
860 2499 1023 2566 erroribus
1047 2500 1107 2591 (ita
1120 2502 1245 2593 loquor,
1266 2516 1364 2595 prout

63 2609 115 2674 illi
137 2609 179 2676 de
201 2632 237 2676 se
259 2611 340 2699 ipsis
357 2609 563 2698 judicabant)
597 2607 784 2674 immediate
806 2616 905 2693 supra
934 2605 1043 2694 ipsum
1072 2608 1237 2677 infernum
1263 2612 1362 2700 juxta

63 2698 258 2802 scripturam
287 2736 414 2780 sacram
447 2713 632 2781 stationem
650 2734 744 2778 suam
772 2709 1008 2792 constituerint,
1038 2720 1151 2800 utpote
1181 2713 1282 2800 tales,
1306 2717 1362 2807 qui

61 2820 136 2883 sine
158 2819 248 2884 omni
279 2816 515 2884 deliberatione
536 2818 614 2900 vim,
643 2816 797 2905 injuriam
830 2823 862 2880 et
886 2815 893 2830 ’
915 2815 1075 2901 justitiam
1104 2816 1266 2903 proximis
1290 2822 1357 2888 suis

61 2921 185 2988 inferre
207 2923 278 2987 ausi
299 2921 439 2990 fuerunt.
483 2922 626 3009 Ideoque
655 2942 740 2986 anno
770 2919 942 2986 boc1528
976 2916 1029 2982 die
1051 2917 1190 2986 Veneris
1218 2922 1255 2988 in
1276 2923 1360 2992 festa

62 3025 178 3092 Sancti
192 3026 368 3112 Augustini
391 3027 486 3093 educi
504 3028 675 3115 jusserunt
690 3028 806 3093 iterum
823 3047 867 3091 ex
882 3023 1067 3091 carceribus
1086 3022 1167 3091 duos
1177 3048 1360 3115 germanos,

61 3153 164 3195 unum
187 3129 399 3217 lagenarium,
423 3139 456 3197 et
477 3131 615 3197 alterum
637 3131 853 3219 singularium
875 3128 916 3195 ad
940 3128 1144 3218 supplicium,
1173 3141 1210 3197 ut
1230 3133 1360 3201 comba·-

61 3244 185 3318 rantur,
207 3235 410 3322 lagenarium
433 3234 575 3322 quidem,
606 3237 681 3322 quia
704 3258 739 3301 se
761 3233 957 3322 rebaptisari
978 3235 1113 3317 curavit,
1142 3235 1358 3324 cingularium

60 3360 151 3422 vero,
176 3340 252 3427 quia
275 3339 324 3426 (ut
346 3339 478 3427 quidam
507 3324 638 3405 causam
667 3338 843 3423 dederunt)
864 3337 1069 3405 Lutheranus
1097 3338 1168 3407 fuit
1211 3340 1260 3407 Hi
1280 3342 1360 3409 dum

61 3442 286 3528 educerentur,
310 3445 475 3531 apparitor
496 3445 671 3511 commissa
684 3443 813 3511 illorum
825 3443 1049 3537 proclamavit,
1072 3465 1127 3511 eos
1149 3445 1251 3512 fuisse
1272 3446 1357 3514 blas·

61 3547 209 3635 phemos,
233 3556 266 3612 et
287 3547 373 3635 quod
396 3548 436 3613 de
459 3547 741 3615 Ohristhomino
765 3551 860 3617 etde
882 3551 986 3616 Beata
1000 3550 1137 3638 Virgine
1147 3550 1254 3617 Maria
1274 3550 1358 3618 nihil

62 3652 262 3719 crediderint
284 3663 316 3719 et
338 3675 394 3719 eos
415 3674 481 3718 non
504 3640 742 3738 honoraverint,
766 3664 798 3720 et
818 3654 884 3721 alia
897 3655 999 3721 multa
1021 3657 1141 3722 mirum
1162 3655 1198 3722 in
1220 3654 1355 3723 modum

61 3760 247 3844 excogitata
269 3765 301 3823 et
333 3758 471 3825 conficta
499 3758 642 3847 protulit,
672 3760 959 3846 proclamationem
983 3782 1074 3839 suam
1107 3760 1235 3844 finiens,
1267 3758 1356 3849 quod

59 3864 187 3949 reliqua
208 3871 341 3950 propter
362 3861 484 3928 munda
506 3862 606 3928 corda
628 3865 762 3941 omittat.
796 3863 846 3928 Hi.
863 3885 942 3930 vero
964 3862 1074 3930 educti
1094 3862 1356 3933 lamentabantur

59 3968 167 4052 valde,
202 3966 289 4055 quod
311 3965 352 4032 de
374 3966 545 4034 bohemica
567 3966 679 4054 lingua
699 3967 781 4033 nihil
803 3967 1034 4051 intellexerint,
1069 3991 1152 4057 quae
1173 3956 1355 4058 proclama·

58 4072 154 4142 verit.
176 4071 408 4139 Processerunt
431 4094 519 4159 ergo,
542 4096 577 4140 se
591 4073 664 4140 Deo
688 4075 929 4141 committentes
942 4083 975 4141 et
996 4082 1152 4164 perpetuo
1176 4085 1306 4142 orantes
1323 4085 1356 4143 et

59 4178 203 4267 psalmos
238 4178 342 4242 sancti
362 4177 502 4244 Davidis
531 4180 715 4262 recitantes,
749 4186 781 4245 et
803 4176 880 4244 dum
911 4187 1005 4245 extra
1026 4188 1153 4268 portam
1175 4179 1218 4245 ad
1238 4203 1355 4268 rogum

59 4284 296 4370 pervenissent,
319 4283 483 4369 apparitor
505 4284 611 4349 denuo
634 4283 807 4350 commissa
828 4284 957 4351 illorum
976 4283 1167 4373 publicavit,
1190 4294 1226 4352 ut
1248 4294 1353 4354 antea.

58 4388 208 4454 Aderant
229 4395 337 4452 autem
360 4385 482 4452 ibidem
504 4386 598 4453 multi
619 4388 747 4454 bonesti
769 4387 906 4472 nobiles,
929 4410 968 4454 ac
981 4396 1083 4454 status
1098 4389 1258 4477 equestris
1280 4392 1354 4476 viri,

57 4495 115 4580 qui
137 4493 283 4579 linguam
305 4498 484 4577 utramque,
514 4478 734 4580 germanicam
755 4478 875 4582 nempe
897 4501 929 4558 ct
950 4492 1156 4559 bohemicam
1180 4493 1353 4571 callebant,

60 4602 147 4664 inter
168 4619 250 4684 quos
285 4596 383 4661 etiam
404 4595 508 4661 adfuit
528 4596 678 4664 dominus
701 4598 815 4666 Gallus
851 4598 894 4664 de
925 4597 1074 4682 Wiletic,
1105 4598 1147 4666 de
1177 4607 1263 4664 statu
1292 4597 1352 4665 ba·

58 4725 187 4783 renum,
210 4702 265 4791 qui
286 4699 329 4768 ab
351 4699 418 4768 illis
440 4701 601 4790 quaesivit
632 4725 734 4794 penes
761 4725 889 4792 rogum,
922 4725 964 4770 an
998 4724 1034 4768 se
1067 4705 1113 4769 ita
1145 4726 1199 4769 res
1222 4702 1358 4783 habeat,

1113 4805 1165 4870 lb
