<?xml version="1.0" encoding="UTF-8"?>
<!DOCTYPE html PUBLIC "-//W3C//DTD XHTML 1.0 Transitional//EN"
    "http://www.w3.org/TR/xhtml1/DTD/xhtml1-transitional.dtd">
<html xmlns="http://www.w3.org/1999/xhtml" xml:lang="en" lang="en">
 <head>
  <title>
</title>
<meta http-equiv="Content-Type" content="text/html;charset=utf-8" />
  <meta name='ocr-system' content='tesseract 3.04.00' />
  <meta name='ocr-capabilities' content='ocr_page ocr_carea ocr_par ocr_line ocrx_word'/>
</head>
<body>
  <div class='ocr_page' id='page_1' title='image "./desbartholomusv00bartgoog_0166.png"; bbox 0 0 2948 5040; ppageno 0'>
   <div class='ocr_carea' id='block_1_1' title="bbox 1282 122 1348 225">
    <p class='ocr_par' dir='ltr' id='par_1_1' title="bbox 1282 122 1348 225">
     <span class='ocr_line' id='line_1_1' title="bbox 1282 122 1348 225; baseline 0 -18"><span class='ocrx_word' id='word_1_1' title='bbox 1282 122 1348 225; x_wconf 68' lang='lat' dir='ltr'><strong>,itt</strong></span> 
     </span>
    </p>
   </div>
   <div class='ocr_carea' id='block_1_2' title="bbox 51 307 1397 1966">
    <p class='ocr_par' dir='ltr' id='par_1_2' title="bbox 51 307 1397 1966">
     <span class='ocr_line' id='line_1_2' title="bbox 51 307 1350 399; baseline -0.002 -19"><span class='ocrx_word' id='word_1_2' title='bbox 51 308 355 398; x_wconf 8' lang='lat' dir='ltr'><strong>cosvortumapud</strong></span> <span class='ocrx_word' id='word_1_3' title='bbox 377 309 525 379; x_wconf 88' lang='lat' dir='ltr'><strong>homines</strong></span> <span class='ocrx_word' id='word_1_4' title='bbox 547 308 761 395; x_wconf 74' lang='lat' dir='ltr'><strong>bansivisset,</strong></span> <span class='ocrx_word' id='word_1_5' title='bbox 794 311 865 399; x_wconf 91' lang='lat' dir='ltr'><strong>jam</strong></span> <span class='ocrx_word' id='word_1_6' title='bbox 900 307 989 376; x_wconf 89' lang='lat' dir='ltr'><strong>aliud</strong></span> <span class='ocrx_word' id='word_1_7' title='bbox 1010 309 1140 374; x_wconf 75' lang='lat' dir='ltr'><strong>interim</strong></span> <span class='ocrx_word' id='word_1_8' title='bbox 1170 308 1350 398; x_wconf 87' lang='lat' dir='ltr'><strong>protulistis</strong></span> 
     </span>
     <span class='ocr_line' id='line_1_3' title="bbox 57 412 1350 501; baseline 0 -19"><span class='ocrx_word' id='word_1_9' title='bbox 57 423 175 491; x_wconf 89' lang='lat' dir='ltr'><strong>contra</strong></span> <span class='ocrx_word' id='word_1_10' title='bbox 195 415 384 480; x_wconf 86' lang='lat' dir='ltr'><strong>innocentes</strong></span> <span class='ocrx_word' id='word_1_11' title='bbox 407 423 440 480; x_wconf 89' lang='lat' dir='ltr'><strong>et</strong></span> <span class='ocrx_word' id='word_1_12' title='bbox 459 412 573 479; x_wconf 84' lang='lat' dir='ltr'><strong>fideles</strong></span> <span class='ocrx_word' id='word_1_13' title='bbox 594 413 821 480; x_wconf 76' lang='lat' dir='ltr'><strong>incarceratos.</strong></span> <span class='ocrx_word' id='word_1_14' title='bbox 854 412 940 480; x_wconf 86' lang='lat' dir='ltr'><strong>Illud</strong></span> <span class='ocrx_word' id='word_1_15' title='bbox 963 414 1060 480; x_wconf 87' lang='lat' dir='ltr'><strong>etiam</strong></span> <span class='ocrx_word' id='word_1_16' title='bbox 1080 421 1115 478; x_wconf 89' lang='lat' dir='ltr'><strong>tu</strong></span> <span class='ocrx_word' id='word_1_17' title='bbox 1143 414 1215 501; x_wconf 90' lang='lat' dir='ltr'><strong>ipse</strong></span> <span class='ocrx_word' id='word_1_18' title='bbox 1254 413 1350 482; x_wconf 78' lang='lat' dir='ltr'><strong>Galle</strong></span> 
     </span>
     <span class='ocr_line' id='line_1_4' title="bbox 55 515 1350 606; baseline 0 -21"><span class='ocrx_word' id='word_1_19' title='bbox 55 521 92 585; x_wconf 92' lang='lat' dir='ltr'><strong>in</strong></span> <span class='ocrx_word' id='word_1_20' title='bbox 115 518 271 585; x_wconf 79' lang='lat' dir='ltr'>concione</span> <span class='ocrx_word' id='word_1_21' title='bbox 292 516 464 605; x_wconf 77' lang='lat' dir='ltr'>protulisti,</span> <span class='ocrx_word' id='word_1_22' title='bbox 486 516 573 603; x_wconf 85' lang='lat' dir='ltr'><strong>quod</strong></span> <span class='ocrx_word' id='word_1_23' title='bbox 595 515 672 583; x_wconf 88' lang='lat' dir='ltr'><strong>dum</strong></span> <span class='ocrx_word' id='word_1_24' title='bbox 700 517 917 606; x_wconf 80' lang='lat' dir='ltr'><strong>proditionem</strong></span> <span class='ocrx_word' id='word_1_25' title='bbox 939 517 1084 605; x_wconf 85' lang='lat' dir='ltr'><strong>perversi</strong></span> <span class='ocrx_word' id='word_1_26' title='bbox 1113 517 1162 583; x_wconf 91' lang='lat' dir='ltr'><strong>illi</strong></span> <span class='ocrx_word' id='word_1_27' title='bbox 1192 516 1350 596; x_wconf 84' lang='lat' dir='ltr'><strong>Pickbar·</strong></span> 
     </span>
     <span class='ocr_line' id='line_1_5' title="bbox 53 621 1396 712; baseline -0.001 -21"><span class='ocrx_word' id='word_1_28' title='bbox 53 631 112 691; x_wconf 87' lang='lat' dir='ltr'><strong>tae</strong></span> <span class='ocrx_word' id='word_1_29' title='bbox 134 621 404 712; x_wconf 14' lang='lat' dir='ltr'><strong>(itaninnocentes</strong></span> <span class='ocrx_word' id='word_1_30' title='bbox 425 623 612 701; x_wconf 90' lang='lat' dir='ltr'><strong>nominans)</strong></span> <span class='ocrx_word' id='word_1_31' title='bbox 650 623 780 688; x_wconf 83' lang='lat' dir='ltr'><strong>efficere</strong></span> <span class='ocrx_word' id='word_1_32' title='bbox 808 645 874 689; x_wconf 88' lang='lat' dir='ltr'><strong>non</strong></span> <span class='ocrx_word' id='word_1_33' title='bbox 895 629 1078 710; x_wconf 87' lang='lat' dir='ltr'><strong>potuerunt,</strong></span> <span class='ocrx_word' id='word_1_34' title='bbox 1118 643 1231 689; x_wconf 91' lang='lat' dir='ltr'><strong>omnes</strong></span> <span class='ocrx_word' id='word_1_35' title='bbox 1264 623 1348 689; x_wconf 90' lang='lat' dir='ltr'><strong>occi·</strong></span> <span class='ocrx_word' id='word_1_36' title='bbox 1393 670 1396 678; x_wconf 81' lang='lat'>·</span> 
     </span>
     <span class='ocr_line' id='line_1_6' title="bbox 57 725 1350 813; baseline 0 -20"><span class='ocrx_word' id='word_1_37' title='bbox 57 727 149 809; x_wconf 90' lang='lat' dir='ltr'><strong>dere,</strong></span> <span class='ocrx_word' id='word_1_38' title='bbox 171 734 227 792; x_wconf 91' lang='lat' dir='ltr'><strong>aut</strong></span> <span class='ocrx_word' id='word_1_39' title='bbox 249 725 363 792; x_wconf 90' lang='lat' dir='ltr'><strong>saltem</strong></span> <span class='ocrx_word' id='word_1_40' title='bbox 385 725 459 792; x_wconf 90' lang='lat' dir='ltr'><strong>illos</strong></span> <span class='ocrx_word' id='word_1_41' title='bbox 481 747 607 792; x_wconf 88' lang='lat' dir='ltr'><strong>veneno</strong></span> <span class='ocrx_word' id='word_1_42' title='bbox 630 727 790 813; x_wconf 86' lang='lat' dir='ltr'><strong>perimere</strong></span> <span class='ocrx_word' id='word_1_43' title='bbox 812 725 982 810; x_wconf 88' lang='lat' dir='ltr'><strong>voluerint,</strong></span> <span class='ocrx_word' id='word_1_44' title='bbox 1005 725 1061 813; x_wconf 92' lang='lat' dir='ltr'><strong>qui</strong></span> <span class='ocrx_word' id='word_1_45' title='bbox 1086 746 1141 791; x_wconf 88' lang='lat' dir='ltr'><strong>eos</strong></span> <span class='ocrx_word' id='word_1_46' title='bbox 1156 725 1350 810; x_wconf 63' lang='lat' dir='ltr'><strong>custodiunt</strong></span> 
     </span>
     <span class='ocr_line' id='line_1_7' title="bbox 56 828 1348 923; baseline 0 -25"><span class='ocrx_word' id='word_1_47' title='bbox 56 831 229 919; x_wconf 78' lang='lat' dir='ltr'><strong>strigiles</strong></span> <span class='ocrx_word' id='word_1_48' title='bbox 255 829 386 897; x_wconf 89' lang='lat' dir='ltr'><strong>illorum</strong></span> <span class='ocrx_word' id='word_1_49' title='bbox 409 839 500 915; x_wconf 72' lang='lat' dir='ltr'><strong>sunt,</strong></span> <span class='ocrx_word' id='word_1_50' title='bbox 524 829 587 894; x_wconf 92' lang='lat' dir='ltr'><strong>hoo</strong></span> <span class='ocrx_word' id='word_1_51' title='bbox 609 828 815 896; x_wconf 81' lang='lat' dir='ltr'><strong>mendacium</strong></span> <span class='ocrx_word' id='word_1_52' title='bbox 836 830 957 919; x_wconf 91' lang='lat' dir='ltr'><strong>populo</strong></span> <span class='ocrx_word' id='word_1_53' title='bbox 978 829 1162 923; x_wconf 84' lang='lat' dir='ltr'><strong>insinuasti,</strong></span> <span class='ocrx_word' id='word_1_54' title='bbox 1203 839 1237 909; x_wconf 86' lang='lat' dir='ltr'><strong>et</strong></span> <span class='ocrx_word' id='word_1_55' title='bbox 1260 829 1348 919; x_wconf 86' lang='lat' dir='ltr'><strong>apud</strong></span> 
     </span>
     <span class='ocr_line' id='line_1_8' title="bbox 58 931 1348 1022; baseline -0.002 -19"><span class='ocrx_word' id='word_1_56' title='bbox 58 936 96 1003; x_wconf 87' lang='lat' dir='ltr'><strong>S.</strong></span> <span class='ocrx_word' id='word_1_57' title='bbox 118 936 250 1013; x_wconf 80' lang='lat' dir='ltr'><strong>Petrum</strong></span> <span class='ocrx_word' id='word_1_58' title='bbox 273 943 306 1000; x_wconf 90' lang='lat' dir='ltr'><strong>ct</strong></span> <span class='ocrx_word' id='word_1_59' title='bbox 330 933 363 1001; x_wconf 87' lang='lat' dir='ltr'><strong>S.</strong></span> <span class='ocrx_word' id='word_1_60' title='bbox 386 933 592 1021; x_wconf 81' lang='lat' dir='ltr'><strong>Stephanum·</strong></span> <span class='ocrx_word' id='word_1_61' title='bbox 609 934 644 999; x_wconf 91' lang='lat' dir='ltr'><strong>in</strong></span> <span class='ocrx_word' id='word_1_62' title='bbox 667 933 878 1009; x_wconf 77' lang='lat' dir='ltr'><strong>concionibus</strong></span> <span class='ocrx_word' id='word_1_63' title='bbox 900 933 1024 1017; x_wconf 82' lang='lat' dir='ltr'><strong>dixisti,</strong></span> <span class='ocrx_word' id='word_1_64' title='bbox 1054 931 1141 1021; x_wconf 88' lang='lat' dir='ltr'><strong>quod</strong></span> <span class='ocrx_word' id='word_1_65' title='bbox 1154 934 1228 1022; x_wconf 82' lang='lat' dir='ltr'><strong>jam</strong></span> <span class='ocrx_word' id='word_1_66' title='bbox 1257 935 1348 1022; x_wconf 91' lang='lat' dir='ltr'><strong>quin·</strong></span> 
     </span>
     <span class='ocr_line' id='line_1_9' title="bbox 54 1035 1350 1130; baseline -0.001 -24"><span class='ocrx_word' id='word_1_67' title='bbox 54 1063 123 1130; x_wconf 82' lang='lat' dir='ltr'><strong>que</strong></span> <span class='ocrx_word' id='word_1_68' title='bbox 146 1040 202 1106; x_wconf 87' lang='lat' dir='ltr'><strong>tali</strong></span> <span class='ocrx_word' id='word_1_69' title='bbox 224 1038 320 1105; x_wconf 91' lang='lat' dir='ltr'><strong>modo</strong></span> <span class='ocrx_word' id='word_1_70' title='bbox 342 1040 501 1127; x_wconf 84' lang='lat' dir='ltr'><strong>perempti</strong></span> <span class='ocrx_word' id='word_1_71' title='bbox 523 1039 610 1124; x_wconf 81' lang='lat' dir='ltr'><strong>sint3</strong></span> <span class='ocrx_word' id='word_1_72' title='bbox 635 1037 716 1104; x_wconf 88' lang='lat' dir='ltr'><strong>haec</strong></span> <span class='ocrx_word' id='word_1_73' title='bbox 749 1039 858 1104; x_wconf 92' lang='lat' dir='ltr'><strong>omnia</strong></span> <span class='ocrx_word' id='word_1_74' title='bbox 878 1039 1009 1106; x_wconf 83' lang='lat' dir='ltr'><strong>fuerunt</strong></span> <span class='ocrx_word' id='word_1_75' title='bbox 1030 1059 1119 1104; x_wconf 89' lang='lat' dir='ltr'><strong>mera</strong></span> <span class='ocrx_word' id='word_1_76' title='bbox 1140 1035 1216 1105; x_wconf 79' lang='lat' dir='ltr'><strong>ficta</strong></span> <span class='ocrx_word' id='word_1_77' title='bbox 1241 1061 1263 1105; x_wconf 87' lang='lat' dir='ltr'><strong>a</strong></span> <span class='ocrx_word' id='word_1_78' title='bbox 1283 1037 1350 1105; x_wconf 81' lang='lat' dir='ltr'><strong>dis-</strong></span> 
     </span>
     <span class='ocr_line' id='line_1_10' title="bbox 58 1141 1348 1235; baseline -0.003 -22"><span class='ocrx_word' id='word_1_79' title='bbox 58 1142 137 1213; x_wconf 92' lang='lat' dir='ltr'><strong>bolo</strong></span> <span class='ocrx_word' id='word_1_80' title='bbox 158 1142 337 1209; x_wconf 86' lang='lat' dir='ltr'><strong>mendacia.</strong></span> <span class='ocrx_word' id='word_1_81' title='bbox 361 1141 485 1207; x_wconf 80' lang='lat' dir='ltr'><strong>Pariter</strong></span> <span class='ocrx_word' id='word_1_82' title='bbox 519 1163 647 1235; x_wconf 83' lang='lat' dir='ltr'><strong>semper</strong></span> <span class='ocrx_word' id='word_1_83' title='bbox 680 1143 891 1209; x_wconf 77' lang='lat' dir='ltr'><strong>asseverastis</strong></span> <span class='ocrx_word' id='word_1_84' title='bbox 913 1151 946 1210; x_wconf 90' lang='lat' dir='ltr'><strong>et</strong></span> <span class='ocrx_word' id='word_1_85' title='bbox 974 1141 1081 1210; x_wconf 86' lang='lat' dir='ltr'><strong>adhuc</strong></span> <span class='ocrx_word' id='word_1_86' title='bbox 1110 1141 1348 1209; x_wconf 86' lang='lat' dir='ltr'><strong>indessinenter</strong></span> 
     </span>
     <span class='ocr_line' id='line_1_11' title="bbox 61 1244 1347 1336; baseline 0 -21"><span class='ocrx_word' id='word_1_87' title='bbox 61 1248 183 1332; x_wconf 89' lang='lat' dir='ltr'><strong>dicitis,</strong></span> <span class='ocrx_word' id='word_1_88' title='bbox 207 1246 293 1336; x_wconf 88' lang='lat' dir='ltr'><strong>quod</strong></span> <span class='ocrx_word' id='word_1_89' title='bbox 303 1244 352 1311; x_wconf 92' lang='lat' dir='ltr'><strong>illi</strong></span> <span class='ocrx_word' id='word_1_90' title='bbox 366 1245 562 1311; x_wconf 87' lang='lat' dir='ltr'><strong>Pickhartae</strong></span> <span class='ocrx_word' id='word_1_91' title='bbox 583 1247 731 1332; x_wconf 85' lang='lat' dir='ltr'><strong>perversi</strong></span> <span class='ocrx_word' id='word_1_92' title='bbox 752 1247 826 1331; x_wconf 88' lang='lat' dir='ltr'><strong>sint,</strong></span> <span class='ocrx_word' id='word_1_93' title='bbox 850 1254 882 1312; x_wconf 94' lang='lat' dir='ltr'><strong>et</strong></span> <span class='ocrx_word' id='word_1_94' title='bbox 903 1245 1076 1335; x_wconf 87' lang='lat' dir='ltr'><strong>loquantur</strong></span> <span class='ocrx_word' id='word_1_95' title='bbox 1092 1271 1144 1314; x_wconf 90' lang='lat' dir='ltr'><strong>res</strong></span> <span class='ocrx_word' id='word_1_96' title='bbox 1170 1247 1347 1315; x_wconf 88' lang='lat' dir='ltr'><strong>malitiosas</strong></span> 
     </span>
     <span class='ocr_line' id='line_1_12' title="bbox 58 1348 1368 1440; baseline -0.005 -21"><span class='ocrx_word' id='word_1_97' title='bbox 58 1362 91 1419; x_wconf 91' lang='lat' dir='ltr'><strong>et</strong></span> <span class='ocrx_word' id='word_1_98' title='bbox 116 1350 324 1439; x_wconf 90' lang='lat' dir='ltr'><strong>blasphemas</strong></span> <span class='ocrx_word' id='word_1_99' title='bbox 352 1358 464 1416; x_wconf 86' lang='lat' dir='ltr'><strong>contra</strong></span> <span class='ocrx_word' id='word_1_100' title='bbox 486 1360 688 1418; x_wconf 86' lang='lat' dir='ltr'><strong>sacramenta</strong></span> <span class='ocrx_word' id='word_1_101' title='bbox 708 1350 853 1439; x_wconf 88' lang='lat' dir='ltr'><strong>corporis</strong></span> <span class='ocrx_word' id='word_1_102' title='bbox 883 1348 1015 1435; x_wconf 75' lang='lat' dir='ltr'><strong>christi,</strong></span> <span class='ocrx_word' id='word_1_103' title='bbox 1059 1373 1177 1440; x_wconf 84' lang='lat' dir='ltr'><strong>nempe</strong></span> <span class='ocrx_word' id='word_1_104' title='bbox 1208 1353 1368 1426; x_wconf 67' lang='lat' dir='ltr'><strong>incarne,</strong></span> 
     </span>
     <span class='ocr_line' id='line_1_13' title="bbox 57 1452 1352 1544; baseline -0.002 -18"><span class='ocrx_word' id='word_1_105' title='bbox 57 1459 131 1541; x_wconf 87' lang='lat' dir='ltr'><strong>rati,</strong></span> <span class='ocrx_word' id='word_1_106' title='bbox 167 1455 224 1523; x_wconf 91' lang='lat' dir='ltr'><strong>ubi</strong></span> <span class='ocrx_word' id='word_1_107' title='bbox 251 1464 360 1520; x_wconf 85' lang='lat' dir='ltr'><strong>tamen</strong></span> <span class='ocrx_word' id='word_1_108' title='bbox 384 1452 503 1519; x_wconf 90' lang='lat' dir='ltr'><strong>similia</strong></span> <span class='ocrx_word' id='word_1_109' title='bbox 524 1454 631 1521; x_wconf 87' lang='lat' dir='ltr'><strong>nullus</strong></span> <span class='ocrx_word' id='word_1_110' title='bbox 653 1477 805 1544; x_wconf 78' lang='lat' dir='ltr'><strong>unquam,</strong></span> <span class='ocrx_word' id='word_1_111' title='bbox 827 1477 889 1522; x_wconf 89' lang='lat' dir='ltr'><strong>neo</strong></span> <span class='ocrx_word' id='word_1_112' title='bbox 910 1477 968 1522; x_wconf 88' lang='lat' dir='ltr'><strong>vos</strong></span> <span class='ocrx_word' id='word_1_113' title='bbox 990 1456 1055 1544; x_wconf 92' lang='lat' dir='ltr'><strong>ipsi</strong></span> <span class='ocrx_word' id='word_1_114' title='bbox 1076 1454 1119 1522; x_wconf 85' lang='lat' dir='ltr'><strong>ab</strong></span> <span class='ocrx_word' id='word_1_115' title='bbox 1143 1455 1267 1523; x_wconf 86' lang='lat' dir='ltr'><strong>eisdem</strong></span> <span class='ocrx_word' id='word_1_116' title='bbox 1297 1477 1352 1524; x_wconf 89' lang='lat' dir='ltr'><strong>au·</strong></span> 
     </span>
     <span class='ocr_line' id='line_1_14' title="bbox 58 1558 1349 1647; baseline 0.001 -20"><span class='ocrx_word' id='word_1_117' title='bbox 58 1560 198 1629; x_wconf 77' lang='lat' dir='ltr'><strong>(livistis.</strong></span> <span class='ocrx_word' id='word_1_118' title='bbox 233 1559 300 1624; x_wconf 90' lang='lat' dir='ltr'><strong>Vos</strong></span> <span class='ocrx_word' id='word_1_119' title='bbox 322 1567 430 1624; x_wconf 91' lang='lat' dir='ltr'><strong>autem</strong></span> <span class='ocrx_word' id='word_1_120' title='bbox 451 1559 515 1647; x_wconf 92' lang='lat' dir='ltr'><strong>ipsi</strong></span> <span class='ocrx_word' id='word_1_121' title='bbox 537 1558 647 1626; x_wconf 90' lang='lat' dir='ltr'><strong>clerici</strong></span> <span class='ocrx_word' id='word_1_122' title='bbox 667 1561 808 1627; x_wconf 87' lang='lat' dir='ltr'><strong>finxistis</strong></span> <span class='ocrx_word' id='word_1_123' title='bbox 840 1582 894 1626; x_wconf 89' lang='lat' dir='ltr'><strong>res</strong></span> <span class='ocrx_word' id='word_1_124' title='bbox 922 1560 1004 1627; x_wconf 88' lang='lat' dir='ltr'><strong>tales</strong></span> <span class='ocrx_word' id='word_1_125' title='bbox 1036 1559 1136 1643; x_wconf 86' lang='lat' dir='ltr'><strong>falsas</strong></span> <span class='ocrx_word' id='word_1_126' title='bbox 1158 1569 1190 1628; x_wconf 92' lang='lat' dir='ltr'><strong>et</strong></span> <span class='ocrx_word' id='word_1_127' title='bbox 1216 1559 1349 1628; x_wconf 85' lang='lat' dir='ltr'><strong>menda·</strong></span> 
     </span>
     <span class='ocr_line' id='line_1_15' title="bbox 57 1658 1397 1762; baseline 0 -29"><span class='ocrx_word' id='word_1_128' title='bbox 57 1669 119 1750; x_wconf 86' lang='lat' dir='ltr'><strong>cia,</strong></span> <span class='ocrx_word' id='word_1_129' title='bbox 142 1675 178 1737; x_wconf 90' lang='lat' dir='ltr'><strong>ut</strong></span> <span class='ocrx_word' id='word_1_130' title='bbox 198 1665 272 1732; x_wconf 89' lang='lat' dir='ltr'><strong>illos</strong></span> <span class='ocrx_word' id='word_1_131' title='bbox 301 1685 408 1730; x_wconf 84' lang='lat' dir='ltr'><strong>coram</strong></span> <span class='ocrx_word' id='word_1_132' title='bbox 432 1663 551 1752; x_wconf 93' lang='lat' dir='ltr'><strong>populo</strong></span> <span class='ocrx_word' id='word_1_133' title='bbox 573 1664 608 1729; x_wconf 92' lang='lat' dir='ltr'><strong>in</strong></span> <span class='ocrx_word' id='word_1_134' title='bbox 631 1665 741 1731; x_wconf 89' lang='lat' dir='ltr'><strong>odium</strong></span> <span class='ocrx_word' id='word_1_135' title='bbox 763 1663 931 1731; x_wconf 87' lang='lat' dir='ltr'><strong>deducatis</strong></span> <span class='ocrx_word' id='word_1_136' title='bbox 942 1714 951 1748; x_wconf 95' lang='lat'><strong>,</strong></span> <span class='ocrx_word' id='word_1_137' title='bbox 987 1674 1020 1731; x_wconf 91' lang='lat' dir='ltr'><strong>et</strong></span> <span class='ocrx_word' id='word_1_138' title='bbox 1038 1673 1150 1731; x_wconf 81' lang='lat' dir='ltr'><strong>eontra</strong></span> <span class='ocrx_word' id='word_1_139' title='bbox 1170 1665 1244 1762; x_wconf 86' lang='lat' dir='ltr'><strong>illos</strong></span> <span class='ocrx_word' id='word_1_140' title='bbox 1259 1658 1346 1733; x_wconf 61' lang='lat' dir='ltr'><strong>&#39;cone</strong></span> <span class='ocrx_word' id='word_1_141' title='bbox 1394 1708 1397 1713; x_wconf 92' lang='lat'>·</span> 
     </span>
     <span class='ocr_line' id='line_1_16' title="bbox 59 1766 1351 1857; baseline -0.002 -18"><span class='ocrx_word' id='word_1_142' title='bbox 59 1771 179 1856; x_wconf 84' lang='lat' dir='ltr'><strong>citetis,</strong></span> <span class='ocrx_word' id='word_1_143' title='bbox 216 1779 315 1857; x_wconf 89' lang='lat' dir='ltr'><strong>utque</strong></span> <span class='ocrx_word' id='word_1_144' title='bbox 336 1767 475 1857; x_wconf 90' lang='lat' dir='ltr'><strong>populus</strong></span> <span class='ocrx_word' id='word_1_145' title='bbox 497 1766 591 1834; x_wconf 88' lang='lat' dir='ltr'><strong>vobis</strong></span> <span class='ocrx_word' id='word_1_146' title='bbox 613 1769 710 1837; x_wconf 85' lang='lat' dir='ltr'><strong>fidem</strong></span> <span class='ocrx_word' id='word_1_147' title='bbox 733 1768 898 1854; x_wconf 89' lang='lat' dir='ltr'><strong>adhibeat,</strong></span> <span class='ocrx_word' id='word_1_148' title='bbox 921 1768 1008 1857; x_wconf 90' lang='lat' dir='ltr'><strong>quod</strong></span> <span class='ocrx_word' id='word_1_149' title='bbox 1030 1790 1086 1835; x_wconf 92' lang='lat' dir='ltr'><strong>eos</strong></span> <span class='ocrx_word' id='word_1_150' title='bbox 1102 1769 1193 1857; x_wconf 90' lang='lat' dir='ltr'><strong>juste</strong></span> <span class='ocrx_word' id='word_1_151' title='bbox 1223 1775 1256 1836; x_wconf 91' lang='lat' dir='ltr'><strong>et</strong></span> <span class='ocrx_word' id='word_1_152' title='bbox 1277 1791 1351 1836; x_wconf 89' lang='lat' dir='ltr'><strong>con·</strong></span> 
     </span>
     <span class='ocr_line' id='line_1_17' title="bbox 58 1870 562 1966; baseline -0.018 -21"><span class='ocrx_word' id='word_1_153' title='bbox 58 1878 159 1966; x_wconf 84' lang='lat' dir='ltr'><strong>digne</strong></span> <span class='ocrx_word' id='word_1_154' title='bbox 181 1873 324 1964; x_wconf 87' lang='lat' dir='ltr'><strong>puniatis</strong></span> <span class='ocrx_word' id='word_1_155' title='bbox 347 1882 381 1937; x_wconf 91' lang='lat' dir='ltr'><strong>et</strong></span> <span class='ocrx_word' id='word_1_156' title='bbox 401 1870 562 1959; x_wconf 84' lang='lat' dir='ltr'><strong>affligatis.</strong></span> 
     </span>
    </p>
   </div>
   <div class='ocr_carea' id='block_1_3' title="bbox 598 2060 819 2135">
    <p class='ocr_par' dir='ltr' id='par_1_3' title="bbox 598 2060 819 2135">
     <span class='ocr_line' id='line_1_18' title="bbox 598 2060 819 2135; baseline 0 -7"><span class='ocrx_word' id='word_1_157' title='bbox 598 2060 744 2129; x_wconf 77' lang='lat' dir='ltr'><strong>oAPUT</strong></span> <span class='ocrx_word' id='word_1_158' title='bbox 767 2061 819 2135; x_wconf 78' lang='lat'><strong>17,</strong></span> 
     </span>
    </p>
   </div>
   <div class='ocr_carea' id='block_1_4' title="bbox 376 2239 1041 2303">
    <p class='ocr_par' dir='ltr' id='par_1_4' title="bbox 376 2239 1041 2303">
     <span class='ocr_line' id='line_1_19' title="bbox 376 2239 1041 2303; baseline -0.005 -1"><span class='ocrx_word' id='word_1_159' title='bbox 376 2239 573 2303; x_wconf 76' lang='lat' dir='ltr'><strong>continuatio</strong></span> <span class='ocrx_word' id='word_1_160' title='bbox 595 2240 759 2303; x_wconf 88' lang='lat' dir='ltr'><strong>literarum.</strong></span> <span class='ocrx_word' id='word_1_161' title='bbox 773 2239 874 2303; x_wconf 75' lang='lat' dir='ltr'><strong>iratrIs</strong></span> <span class='ocrx_word' id='word_1_162' title='bbox 897 2240 1041 2300; x_wconf 86' lang='lat' dir='ltr'><strong>Metbiae</strong></span> 
     </span>
    </p>
   </div>
   <div class='ocr_carea' id='block_1_5' title="bbox 74 2425 1355 2518">
    <p class='ocr_par' dir='ltr' id='par_1_5' title="bbox 74 2425 1355 2518">
     <span class='ocr_line' id='line_1_20' title="bbox 74 2425 1355 2518; baseline 0.001 -27"><span class='ocrx_word' id='word_1_163' title='bbox 74 2486 78 2491; x_wconf 90' lang='lat'><strong>.</strong></span> <span class='ocrx_word' id='word_1_164' title='bbox 146 2426 259 2495; x_wconf 84' lang='lat' dir='ltr'><strong>Miseri</strong></span> <span class='ocrx_word' id='word_1_165' title='bbox 292 2428 360 2494; x_wconf 93' lang='lat' dir='ltr'><strong>Vos</strong></span> <span class='ocrx_word' id='word_1_166' title='bbox 390 2429 505 2515; x_wconf 51' lang='lat' dir='ltr'><strong>‚clerici</strong></span> <span class='ocrx_word' id='word_1_167' title='bbox 527 2428 669 2518; x_wconf 87' lang='lat' dir='ltr'><strong>quidam,</strong></span> <span class='ocrx_word' id='word_1_168' title='bbox 692 2450 750 2494; x_wconf 89' lang='lat' dir='ltr'><strong>cur</strong></span> <span class='ocrx_word' id='word_1_169' title='bbox 775 2426 838 2494; x_wconf 90' lang='lat' dir='ltr'><strong>Vos</strong></span> <span class='ocrx_word' id='word_1_170' title='bbox 860 2448 927 2493; x_wconf 87' lang='lat' dir='ltr'><strong>non</strong></span> <span class='ocrx_word' id='word_1_171' title='bbox 949 2425 1050 2514; x_wconf 88' lang='lat' dir='ltr'><strong>pudet</strong></span> <span class='ocrx_word' id='word_1_172' title='bbox 1082 2447 1190 2493; x_wconf 88' lang='lat' dir='ltr'><strong>coram</strong></span> <span class='ocrx_word' id='word_1_173' title='bbox 1211 2425 1355 2493; x_wconf 87' lang='lat' dir='ltr'><strong>Domino</strong></span> 
     </span>
    </p>
   </div>
   <div class='ocr_carea' id='block_1_6' title="bbox 20 2530 1422 4833">
    <p class='ocr_par' dir='ltr' id='par_1_6' title="bbox 20 2530 1422 4833">
     <span class='ocr_line' id='line_1_21' title="bbox 59 2530 1353 2621; baseline 0.002 -25"><span class='ocrx_word' id='word_1_174' title='bbox 59 2530 132 2598; x_wconf 90' lang='lat' dir='ltr'><strong>Deo</strong></span> <span class='ocrx_word' id='word_1_175' title='bbox 154 2534 383 2620; x_wconf 86' lang='lat' dir='ltr'><strong>omnipotente,</strong></span> <span class='ocrx_word' id='word_1_176' title='bbox 407 2543 538 2621; x_wconf 83' lang='lat' dir='ltr'><strong>strage</strong></span> <span class='ocrx_word' id='word_1_177' title='bbox 561 2533 704 2618; x_wconf 87' lang='lat' dir='ltr'><strong>coelesti,</strong></span> <span class='ocrx_word' id='word_1_178' title='bbox 726 2534 783 2621; x_wconf 89' lang='lat' dir='ltr'><strong>qui</strong></span> <span class='ocrx_word' id='word_1_179' title='bbox 804 2534 912 2603; x_wconf 90' lang='lat' dir='ltr'><strong>omnia</strong></span> <span class='ocrx_word' id='word_1_180' title='bbox 934 2533 995 2597; x_wconf 92' lang='lat' dir='ltr'><strong>scit</strong></span> <span class='ocrx_word' id='word_1_181' title='bbox 1016 2539 1049 2598; x_wconf 92' lang='lat' dir='ltr'><strong>et</strong></span> <span class='ocrx_word' id='word_1_182' title='bbox 1069 2531 1170 2615; x_wconf 85' lang='lat' dir='ltr'><strong>novit,</strong></span> <span class='ocrx_word' id='word_1_183' title='bbox 1191 2532 1269 2597; x_wconf 89' lang='lat' dir='ltr'><strong>item</strong></span> <span class='ocrx_word' id='word_1_184' title='bbox 1302 2552 1353 2599; x_wconf 88' lang='lat' dir='ltr'><strong>co·</strong></span> 
     </span>
     <span class='ocr_line' id='line_1_22' title="bbox 58 2634 1357 2726; baseline -0.001 -25"><span class='ocrx_word' id='word_1_185' title='bbox 58 2656 130 2701; x_wconf 89' lang='lat' dir='ltr'><strong>ram</strong></span> <span class='ocrx_word' id='word_1_186' title='bbox 159 2636 313 2705; x_wconf 86' lang='lat' dir='ltr'><strong>universa</strong></span> <span class='ocrx_word' id='word_1_187' title='bbox 344 2637 552 2703; x_wconf 90' lang='lat' dir='ltr'><strong>multitudine</strong></span> <span class='ocrx_word' id='word_1_188' title='bbox 586 2636 698 2726; x_wconf 90' lang='lat' dir='ltr'><strong>populi</strong></span> <span class='ocrx_word' id='word_1_189' title='bbox 731 2658 791 2724; x_wconf 86' lang='lat' dir='ltr'><strong>per</strong></span> <span class='ocrx_word' id='word_1_190' title='bbox 825 2644 927 2702; x_wconf 89' lang='lat' dir='ltr'><strong>totum</strong></span> <span class='ocrx_word' id='word_1_191' title='bbox 948 2656 1086 2722; x_wconf 79' lang='lat' dir='ltr'><strong>regnum</strong></span> <span class='ocrx_word' id='word_1_192' title='bbox 1114 2634 1301 2719; x_wconf 85' lang='lat' dir='ltr'><strong>Bobemiae‚</strong></span> <span class='ocrx_word' id='word_1_193' title='bbox 1323 2644 1357 2703; x_wconf 94' lang='lat' dir='ltr'><strong>ot</strong></span> 
     </span>
     <span class='ocr_line' id='line_1_23' title="bbox 59 2739 1356 2830; baseline 0 -24"><span class='ocrx_word' id='word_1_194' title='bbox 59 2760 170 2807; x_wconf 85' lang='lat' dir='ltr'><strong>coram</strong></span> <span class='ocrx_word' id='word_1_195' title='bbox 192 2739 265 2808; x_wconf 86' lang='lat' dir='ltr'><strong>aliis</strong></span> <span class='ocrx_word' id='word_1_196' title='bbox 288 2741 591 2829; x_wconf 88' lang='lat' dir='ltr'><strong>circumjacentibus</strong></span> <span class='ocrx_word' id='word_1_197' title='bbox 613 2739 810 2825; x_wconf 90' lang='lat' dir='ltr'><strong>nationibus,</strong></span> <span class='ocrx_word' id='word_1_198' title='bbox 826 2741 898 2830; x_wconf 90' lang='lat' dir='ltr'><strong>jam</strong></span> <span class='ocrx_word' id='word_1_199' title='bbox 920 2741 1007 2806; x_wconf 89' lang='lat' dir='ltr'><strong>enim</strong></span> <span class='ocrx_word' id='word_1_200' title='bbox 1028 2739 1149 2828; x_wconf 90' lang='lat' dir='ltr'><strong>ubique</strong></span> <span class='ocrx_word' id='word_1_201' title='bbox 1179 2741 1356 2825; x_wconf 83' lang='lat' dir='ltr'><strong>sciunt,·ac</strong></span> 
     </span>
     <span class='ocr_line' id='line_1_24' title="bbox 58 2843 1355 2934; baseline 0 -25"><span class='ocrx_word' id='word_1_202' title='bbox 58 2851 199 2910; x_wconf 68' lang='lat' dir='ltr'><strong>oemunt</strong></span> <span class='ocrx_word' id='word_1_203' title='bbox 220 2843 353 2910; x_wconf 87' lang='lat' dir='ltr'><strong>Vestras</strong></span> <span class='ocrx_word' id='word_1_204' title='bbox 385 2845 567 2933; x_wconf 89' lang='lat' dir='ltr'><strong>impudicas</strong></span> <span class='ocrx_word' id='word_1_205' title='bbox 594 2843 764 2910; x_wconf 85' lang='lat' dir='ltr'><strong>.falsitatcs</strong></span> <span class='ocrx_word' id='word_1_206' title='bbox 798 2853 829 2910; x_wconf 89' lang='lat' dir='ltr'><strong>et</strong></span> <span class='ocrx_word' id='word_1_207' title='bbox 862 2843 1040 2910; x_wconf 87' lang='lat' dir='ltr'><strong>mendacia.</strong></span> <span class='ocrx_word' id='word_1_208' title='bbox 1082 2844 1170 2926; x_wconf 81' lang='lat' dir='ltr'><strong>Quot</strong></span> <span class='ocrx_word' id='word_1_209' title='bbox 1185 2847 1256 2934; x_wconf 90' lang='lat' dir='ltr'><strong>jam</strong></span> <span class='ocrx_word' id='word_1_210' title='bbox 1287 2843 1355 2910; x_wconf 91' lang='lat' dir='ltr'><strong>Vos</strong></span> 
     </span>
     <span class='ocr_line' id='line_1_25' title="bbox 58 2940 1357 3039; baseline -0.002 -23"><span class='ocrx_word' id='word_1_211' title='bbox 58 2940 226 3029; x_wconf 85' lang='lat' dir='ltr'><strong>occidistis</strong></span> <span class='ocrx_word' id='word_1_212' title='bbox 247 2951 372 3029; x_wconf 88' lang='lat' dir='ltr'><strong>animas</strong></span> <span class='ocrx_word' id='word_1_213' title='bbox 394 2948 551 3016; x_wconf 85' lang='lat' dir='ltr'><strong>humanas</strong></span> <span class='ocrx_word' id='word_1_214' title='bbox 574 2957 683 3016; x_wconf 88' lang='lat' dir='ltr'><strong>vestra</strong></span> <span class='ocrx_word' id='word_1_215' title='bbox 704 2949 828 3016; x_wconf 90' lang='lat' dir='ltr'><strong>malitia</strong></span> <span class='ocrx_word' id='word_1_216' title='bbox 865 2958 897 3015; x_wconf 93' lang='lat' dir='ltr'><strong>et</strong></span> <span class='ocrx_word' id='word_1_217' title='bbox 917 2951 1035 3039; x_wconf 84' lang='lat' dir='ltr'><strong>vestris</strong></span> <span class='ocrx_word' id='word_1_218' title='bbox 1051 2949 1357 3016; x_wconf 86' lang='lat' dir='ltr'><strong>mendaciisoontra</strong></span> 
     </span>
     <span class='ocr_line' id='line_1_26' title="bbox 20 3052 1355 3143; baseline -0.003 -21"><span class='ocrx_word' id='word_1_219' title='bbox 20 3056 23 3063; x_wconf 80' lang='grc'>’</span> <span class='ocrx_word' id='word_1_220' title='bbox 59 3076 190 3122; x_wconf 88' lang='lat' dir='ltr'><strong>omnem</strong></span> <span class='ocrx_word' id='word_1_221' title='bbox 218 3054 486 3122; x_wconf 86' lang='lat' dir='ltr'><strong>christianitatem</strong></span> <span class='ocrx_word' id='word_1_222' title='bbox 511 3055 695 3143; x_wconf 88' lang='lat' dir='ltr'><strong>peremistis</strong></span> <span class='ocrx_word' id='word_1_223' title='bbox 717 3076 776 3142; x_wconf 87' lang='lat' dir='ltr'><strong>per</strong></span> <span class='ocrx_word' id='word_1_224' title='bbox 797 3056 985 3122; x_wconf 87' lang='lat' dir='ltr'><strong>universum</strong></span> <span class='ocrx_word' id='word_1_225' title='bbox 1012 3076 1148 3141; x_wconf 85' lang='lat' dir='ltr'><strong>regnum</strong></span> <span class='ocrx_word' id='word_1_226' title='bbox 1168 3052 1355 3136; x_wconf 86' lang='lat' dir='ltr'><strong>Bobemiae,</strong></span> 
     </span>
     <span class='ocr_line' id='line_1_27' title="bbox 59 3156 1354 3248; baseline -0.004 -21"><span class='ocrx_word' id='word_1_227' title='bbox 59 3170 92 3228; x_wconf 90' lang='lat' dir='ltr'><strong>et</strong></span> <span class='ocrx_word' id='word_1_228' title='bbox 112 3163 199 3226; x_wconf 90' lang='lat' dir='ltr'><strong>inter</strong></span> <span class='ocrx_word' id='word_1_229' title='bbox 219 3160 302 3228; x_wconf 90' lang='lat' dir='ltr'><strong>alias</strong></span> <span class='ocrx_word' id='word_1_230' title='bbox 319 3169 438 3247; x_wconf 80' lang='lat' dir='ltr'><strong>¹gentes</strong></span> <span class='ocrx_word' id='word_1_231' title='bbox 473 3161 647 3226; x_wconf 90' lang='lat' dir='ltr'><strong>immanius</strong></span> <span class='ocrx_word' id='word_1_232' title='bbox 669 3161 878 3248; x_wconf 87' lang='lat' dir='ltr'><strong>perpetrastis</strong></span> <span class='ocrx_word' id='word_1_233' title='bbox 901 3159 1006 3227; x_wconf 90' lang='lat' dir='ltr'><strong>scelus</strong></span> <span class='ocrx_word' id='word_1_234' title='bbox 1027 3159 1151 3226; x_wconf 87' lang='lat' dir='ltr'><strong>animas</strong></span> <span class='ocrx_word' id='word_1_235' title='bbox 1167 3156 1354 3242; x_wconf 89' lang='lat' dir='ltr'><strong>occidendo,</strong></span> 
     </span>
     <span class='ocr_line' id='line_1_28' title="bbox 59 3260 1355 3353; baseline -0.003 -22"><span class='ocrx_word' id='word_1_236' title='bbox 59 3286 166 3353; x_wconf 88' lang='lat' dir='ltr'><strong>quam·</strong></span> <span class='ocrx_word' id='word_1_237' title='bbox 181 3265 209 3329; x_wconf 91' lang='lat' dir='ltr'><strong>si</strong></span> <span class='ocrx_word' id='word_1_238' title='bbox 231 3273 384 3332; x_wconf 89' lang='lat' dir='ltr'><strong>centenos</strong></span> <span class='ocrx_word' id='word_1_239' title='bbox 405 3265 474 3332; x_wconf 79' lang='lat' dir='ltr'><strong>vita</strong></span> <span class='ocrx_word' id='word_1_240' title='bbox 495 3264 654 3353; x_wconf 89' lang='lat' dir='ltr'><strong>corporali</strong></span> <span class='ocrx_word' id='word_1_241' title='bbox 675 3265 874 3350; x_wconf 88' lang='lat' dir='ltr'><strong>privassetis,</strong></span> <span class='ocrx_word' id='word_1_242' title='bbox 890 3264 1061 3353; x_wconf 86' lang='lat' dir='ltr'><strong>adhucque</strong></span> <span class='ocrx_word' id='word_1_243' title='bbox 1096 3284 1162 3328; x_wconf 90' lang='lat' dir='ltr'><strong>non</strong></span> <span class='ocrx_word' id='word_1_244' title='bbox 1205 3260 1355 3328; x_wconf 90' lang='lat' dir='ltr'><strong>desinitis</strong></span> 
     </span>
     <span class='ocr_line' id='line_1_29' title="bbox 56 3363 1358 3456; baseline 0.001 -27"><span class='ocrx_word' id='word_1_245' title='bbox 56 3376 215 3456; x_wconf 84' lang='lat' dir='ltr'><strong>¹perpetuo</strong></span> <span class='ocrx_word' id='word_1_246' title='bbox 238 3370 363 3434; x_wconf 90' lang='lat' dir='ltr'><strong>animas</strong></span> <span class='ocrx_word' id='word_1_247' title='bbox 386 3368 542 3434; x_wconf 86' lang='lat' dir='ltr'><strong>humanas</strong></span> <span class='ocrx_word' id='word_1_248' title='bbox 564 3368 734 3456; x_wconf 87' lang='lat' dir='ltr'><strong>perimere.</strong></span> <span class='ocrx_word' id='word_1_249' title='bbox 776 3367 845 3434; x_wconf 89' lang='lat' dir='ltr'><strong>Vos</strong></span> <span class='ocrx_word' id='word_1_250' title='bbox 866 3368 916 3435; x_wconf 92' lang='lat' dir='ltr'><strong>illi</strong></span> <span class='ocrx_word' id='word_1_251' title='bbox 938 3368 1015 3433; x_wconf 86' lang='lat' dir='ltr'><strong>estis</strong></span> <span class='ocrx_word' id='word_1_252' title='bbox 1043 3367 1184 3435; x_wconf 88' lang='lat' dir='ltr'><strong>latrones</strong></span> <span class='ocrx_word' id='word_1_253' title='bbox 1230 3373 1264 3432; x_wconf 91' lang='lat' dir='ltr'><strong>et</strong></span> <span class='ocrx_word' id='word_1_254' title='bbox 1298 3363 1358 3431; x_wconf 89' lang='lat' dir='ltr'><strong>bo·</strong></span> 
     </span>
     <span class='ocr_line' id='line_1_30' title="bbox 59 3471 1354 3562; baseline -0.002 -23"><span class='ocrx_word' id='word_1_255' title='bbox 59 3473 210 3561; x_wconf 84' lang='lat' dir='ltr'><strong>micidae,</strong></span> <span class='ocrx_word' id='word_1_256' title='bbox 233 3473 274 3539; x_wconf 91' lang='lat' dir='ltr'><strong>de</strong></span> <span class='ocrx_word' id='word_1_257' title='bbox 297 3472 413 3562; x_wconf 87' lang='lat' dir='ltr'><strong>quibus</strong></span> <span class='ocrx_word' id='word_1_258' title='bbox 435 3473 584 3540; x_wconf 76' lang='lat' dir='ltr'><strong>Christus</strong></span> <span class='ocrx_word' id='word_1_259' title='bbox 606 3472 767 3540; x_wconf 91' lang='lat' dir='ltr'><strong>Dominus</strong></span> <span class='ocrx_word' id='word_1_260' title='bbox 789 3471 889 3540; x_wconf 91' lang='lat' dir='ltr'><strong>dicit:</strong></span> <span class='ocrx_word' id='word_1_261' title='bbox 926 3473 979 3543; x_wconf 82' lang='lat' dir='ltr'><strong>fur</strong></span> <span class='ocrx_word' id='word_1_262' title='bbox 1008 3493 1073 3541; x_wconf 89' lang='lat' dir='ltr'><strong>non</strong></span> <span class='ocrx_word' id='word_1_263' title='bbox 1100 3472 1192 3539; x_wconf 86' lang='lat' dir='ltr'><strong>venit</strong></span> <span class='ocrx_word' id='word_1_264' title='bbox 1218 3477 1354 3557; x_wconf 61' lang='lat' dir='ltr'><strong>uotum,</strong></span> 
     </span>
     <span class='ocr_line' id='line_1_31' title="bbox 55 3577 1355 3668; baseline -0.001 -26"><span class='ocrx_word' id='word_1_265' title='bbox 55 3587 96 3643; x_wconf 86' lang='lat' dir='ltr'><strong>ut</strong></span> <span class='ocrx_word' id='word_1_266' title='bbox 131 3600 184 3643; x_wconf 91' lang='lat' dir='ltr'><strong>res</strong></span> <span class='ocrx_word' id='word_1_267' title='bbox 218 3577 302 3647; x_wconf 82' lang='lat' dir='ltr'><strong>furto</strong></span> <span class='ocrx_word' id='word_1_268' title='bbox 324 3578 460 3656; x_wconf 87' lang='lat' dir='ltr'><strong>auferat,</strong></span> <span class='ocrx_word' id='word_1_269' title='bbox 495 3577 553 3643; x_wconf 89' lang='lat' dir='ltr'><strong>sed</strong></span> <span class='ocrx_word' id='word_1_270' title='bbox 590 3587 625 3643; x_wconf 93' lang='lat' dir='ltr'><strong>ut</strong></span> <span class='ocrx_word' id='word_1_271' title='bbox 657 3578 785 3661; x_wconf 85' lang='lat' dir='ltr'><strong>occidat</strong></span> <span class='ocrx_word' id='word_1_272' title='bbox 804 3587 852 3652; x_wconf 69' lang='lat' dir='ltr'><strong>‚et</strong></span> <span class='ocrx_word' id='word_1_273' title='bbox 884 3581 1039 3668; x_wconf 80' lang='lat' dir='ltr'><strong>perimat3</strong></span> <span class='ocrx_word' id='word_1_274' title='bbox 1071 3599 1185 3644; x_wconf 89' lang='lat' dir='ltr'><strong>verum</strong></span> <span class='ocrx_word' id='word_1_275' title='bbox 1216 3579 1252 3642; x_wconf 90' lang='lat' dir='ltr'><strong>in</strong></span> <span class='ocrx_word' id='word_1_276' title='bbox 1283 3585 1355 3642; x_wconf 89' lang='lat' dir='ltr'><strong>tan·</strong></span> 
     </span>
     <span class='ocr_line' id='line_1_32' title="bbox 61 3677 1358 3773; baseline -0.002 -25"><span class='ocrx_word' id='word_1_277' title='bbox 61 3691 129 3761; x_wconf 87' lang='lat' dir='ltr'><strong>tum</strong></span> <span class='ocrx_word' id='word_1_278' title='bbox 151 3683 335 3750; x_wconf 89' lang='lat' dir='ltr'><strong>immaniter</strong></span> <span class='ocrx_word' id='word_1_279' title='bbox 356 3677 398 3749; x_wconf 90' lang='lat' dir='ltr'><strong>ad</strong></span> <span class='ocrx_word' id='word_1_280' title='bbox 419 3685 506 3748; x_wconf 88' lang='lat' dir='ltr'><strong>intra</strong></span> <span class='ocrx_word' id='word_1_281' title='bbox 527 3692 559 3749; x_wconf 89' lang='lat' dir='ltr'><strong>ct</strong></span> <span class='ocrx_word' id='word_1_282' title='bbox 581 3692 674 3750; x_wconf 89' lang='lat' dir='ltr'><strong>extra</strong></span> <span class='ocrx_word' id='word_1_283' title='bbox 708 3684 876 3752; x_wconf 84' lang='lat' dir='ltr'><strong>obcoecati</strong></span> <span class='ocrx_word' id='word_1_284' title='bbox 902 3687 997 3770; x_wconf 85' lang='lat' dir='ltr'><strong>estis,</strong></span> <span class='ocrx_word' id='word_1_285' title='bbox 1035 3682 1122 3773; x_wconf 89' lang='lat' dir='ltr'><strong>quod</strong></span> <span class='ocrx_word' id='word_1_286' title='bbox 1157 3702 1222 3748; x_wconf 90' lang='lat' dir='ltr'><strong>non</strong></span> <span class='ocrx_word' id='word_1_287' title='bbox 1254 3678 1358 3768; x_wconf 88' lang='lat' dir='ltr'><strong>possi.</strong></span> 
     </span>
     <span class='ocr_line' id='line_1_33' title="bbox 61 3786 1357 3879; baseline 0.002 -30"><span class='ocrx_word' id='word_1_288' title='bbox 61 3787 113 3872; x_wconf 88' lang='lat' dir='ltr'><strong>tis,</strong></span> <span class='ocrx_word' id='word_1_289' title='bbox 137 3797 194 3854; x_wconf 87' lang='lat' dir='ltr'><strong>aut</strong></span> <span class='ocrx_word' id='word_1_290' title='bbox 215 3810 280 3856; x_wconf 91' lang='lat' dir='ltr'><strong>non</strong></span> <span class='ocrx_word' id='word_1_291' title='bbox 301 3786 409 3855; x_wconf 83' lang='lat' dir='ltr'><strong>velitis</strong></span> <span class='ocrx_word' id='word_1_292' title='bbox 432 3809 628 3874; x_wconf 85' lang='lat' dir='ltr'><strong>cognoscere</strong></span> <span class='ocrx_word' id='word_1_293' title='bbox 650 3790 777 3879; x_wconf 91' lang='lat' dir='ltr'><strong>copiam</strong></span> <span class='ocrx_word' id='word_1_294' title='bbox 800 3798 946 3857; x_wconf 85' lang='lat' dir='ltr'><strong>textuum</strong></span> <span class='ocrx_word' id='word_1_295' title='bbox 967 3787 1200 3856; x_wconf 88' lang='lat' dir='ltr'><strong>horrendorum</strong></span> <span class='ocrx_word' id='word_1_296' title='bbox 1221 3787 1357 3874; x_wconf 88' lang='lat' dir='ltr'><strong>scriptu·</strong></span> 
     </span>
     <span class='ocr_line' id='line_1_34' title="bbox 59 3890 1422 3982; baseline -0.001 -24"><span class='ocrx_word' id='word_1_297' title='bbox 59 3915 117 3959; x_wconf 85' lang='lat' dir='ltr'><strong>rae</strong></span> <span class='ocrx_word' id='word_1_298' title='bbox 152 3915 263 3960; x_wconf 86' lang='lat' dir='ltr'><strong>sacrae</strong></span> <span class='ocrx_word' id='word_1_299' title='bbox 300 3902 412 3961; x_wconf 88' lang='lat' dir='ltr'><strong>contra</strong></span> <span class='ocrx_word' id='word_1_300' title='bbox 447 3892 546 3958; x_wconf 80' lang='lat' dir='ltr'><strong>falsos</strong></span> <span class='ocrx_word' id='word_1_301' title='bbox 583 3901 682 3960; x_wconf 88' lang='lat' dir='ltr'><strong>testes</strong></span> <span class='ocrx_word' id='word_1_302' title='bbox 713 3906 745 3960; x_wconf 91' lang='lat' dir='ltr'><strong>et</strong></span> <span class='ocrx_word' id='word_1_303' title='bbox 765 3893 949 3979; x_wconf 87' lang='lat' dir='ltr'><strong>mendaces,</strong></span> <span class='ocrx_word' id='word_1_304' title='bbox 973 3903 1005 3962; x_wconf 87' lang='lat' dir='ltr'><strong>et</strong></span> <span class='ocrx_word' id='word_1_305' title='bbox 1026 3892 1112 3982; x_wconf 89' lang='lat' dir='ltr'><strong>quod</strong></span> <span class='ocrx_word' id='word_1_306' title='bbox 1134 3890 1272 3980; x_wconf 89' lang='lat' dir='ltr'><strong>quilibet</strong></span> <span class='ocrx_word' id='word_1_307' title='bbox 1292 3899 1355 3957; x_wconf 91' lang='lat' dir='ltr'><strong>tes·</strong></span> <span class='ocrx_word' id='word_1_308' title='bbox 1419 3945 1422 3949; x_wconf 93' lang='lat'><strong>.</strong></span> 
     </span>
     <span class='ocr_line' id='line_1_35' title="bbox 63 3996 1356 4088; baseline -0.002 -25"><span class='ocrx_word' id='word_1_309' title='bbox 63 3998 104 4063; x_wconf 89' lang='lat' dir='ltr'><strong>tis</strong></span> <span class='ocrx_word' id='word_1_310' title='bbox 126 3996 228 4064; x_wconf 82' lang='lat' dir='ltr'><strong>falsus</strong></span> <span class='ocrx_word' id='word_1_311' title='bbox 251 4007 283 4064; x_wconf 92' lang='lat' dir='ltr'><strong>et</strong></span> <span class='ocrx_word' id='word_1_312' title='bbox 306 3999 493 4064; x_wconf 86' lang='lat' dir='ltr'><strong>temerarius</strong></span> <span class='ocrx_word' id='word_1_313' title='bbox 515 3997 635 4086; x_wconf 89' lang='lat' dir='ltr'><strong>peribit</strong></span> <span class='ocrx_word' id='word_1_314' title='bbox 658 4008 690 4065; x_wconf 89' lang='lat' dir='ltr'><strong>et</strong></span> <span class='ocrx_word' id='word_1_315' title='bbox 720 3997 936 4079; x_wconf 88' lang='lat' dir='ltr'><strong>damnabitur,</strong></span> <span class='ocrx_word' id='word_1_316' title='bbox 951 3999 1089 4088; x_wconf 86' lang='lat' dir='ltr'><strong>ideoque</strong></span> <span class='ocrx_word' id='word_1_317' title='bbox 1103 3996 1138 4063; x_wconf 90' lang='lat' dir='ltr'><strong>id</strong></span> <span class='ocrx_word' id='word_1_318' title='bbox 1152 3996 1356 4079; x_wconf 83' lang='lat' dir='ltr'><strong>Deusvetat‚</strong></span> 
     </span>
     <span class='ocr_line' id='line_1_36' title="bbox 62 4102 1356 4192; baseline 0.002 -24"><span class='ocrx_word' id='word_1_319' title='bbox 62 4102 224 4169; x_wconf 87' lang='lat' dir='ltr'><strong>dicendo:</strong></span> <span class='ocrx_word' id='word_1_320' title='bbox 246 4125 313 4168; x_wconf 90' lang='lat' dir='ltr'><strong>non</strong></span> <span class='ocrx_word' id='word_1_321' title='bbox 333 4102 479 4192; x_wconf 86' lang='lat' dir='ltr'><strong>proferes</strong></span> <span class='ocrx_word' id='word_1_322' title='bbox 514 4102 633 4170; x_wconf 86' lang='lat' dir='ltr'><strong>falsum</strong></span> <span class='ocrx_word' id='word_1_323' title='bbox 665 4105 893 4171; x_wconf 88' lang='lat' dir='ltr'><strong>testimonium.</strong></span> <span class='ocrx_word' id='word_1_324' title='bbox 939 4104 984 4171; x_wconf 84' lang='lat' dir='ltr'><strong>Et</strong></span> <span class='ocrx_word' id='word_1_325' title='bbox 1004 4107 1140 4172; x_wconf 88' lang='lat' dir='ltr'><strong>iterum:</strong></span> <span class='ocrx_word' id='word_1_326' title='bbox 1176 4102 1247 4169; x_wconf 89' lang='lat' dir='ltr'><strong>Ora</strong></span> <span class='ocrx_word' id='word_1_327' title='bbox 1267 4123 1356 4170; x_wconf 89' lang='lat' dir='ltr'><strong>men·</strong></span> 
     </span>
     <span class='ocr_line' id='line_1_37' title="bbox 62 4205 1357 4297; baseline 0 -23"><span class='ocrx_word' id='word_1_328' title='bbox 62 4208 158 4274; x_wconf 90' lang='lat' dir='ltr'><strong>dacia</strong></span> <span class='ocrx_word' id='word_1_329' title='bbox 180 4209 324 4273; x_wconf 90' lang='lat' dir='ltr'><strong>animam</strong></span> <span class='ocrx_word' id='word_1_330' title='bbox 353 4209 525 4297; x_wconf 88' lang='lat' dir='ltr'><strong>perimunt.</strong></span> <span class='ocrx_word' id='word_1_331' title='bbox 581 4205 666 4274; x_wconf 91' lang='lat' dir='ltr'><strong>Item</strong></span> <span class='ocrx_word' id='word_1_332' title='bbox 701 4207 780 4275; x_wconf 89' lang='lat' dir='ltr'><strong>hoc:</strong></span> <span class='ocrx_word' id='word_1_333' title='bbox 802 4209 945 4276; x_wconf 90' lang='lat' dir='ltr'><strong>Domine</strong></span> <span class='ocrx_word' id='word_1_334' title='bbox 971 4211 1075 4296; x_wconf 89' lang='lat' dir='ltr'><strong>Deus,</strong></span> <span class='ocrx_word' id='word_1_335' title='bbox 1099 4207 1211 4275; x_wconf 88' lang='lat' dir='ltr'><strong>occide</strong></span> <span class='ocrx_word' id='word_1_336' title='bbox 1232 4228 1357 4289; x_wconf 89' lang='lat' dir='ltr'><strong>omnes,</strong></span> 
     </span>
     <span class='ocr_line' id='line_1_38' title="bbox 63 4311 1355 4404; baseline -0.002 -23"><span class='ocrx_word' id='word_1_337' title='bbox 63 4316 118 4404; x_wconf 89' lang='lat' dir='ltr'><strong>qui</strong></span> <span class='ocrx_word' id='word_1_338' title='bbox 140 4313 314 4402; x_wconf 86' lang='lat' dir='ltr'><strong>loquuntur</strong></span> <span class='ocrx_word' id='word_1_339' title='bbox 335 4312 514 4378; x_wconf 85' lang='lat' dir='ltr'><strong>mendacia.</strong></span> <span class='ocrx_word' id='word_1_340' title='bbox 558 4311 650 4395; x_wconf 88' lang='lat' dir='ltr'><strong>Item,</strong></span> <span class='ocrx_word' id='word_1_341' title='bbox 674 4312 751 4401; x_wconf 89' lang='lat' dir='ltr'><strong>quid</strong></span> <span class='ocrx_word' id='word_1_342' title='bbox 784 4312 826 4380; x_wconf 90' lang='lat' dir='ltr'><strong>ab</strong></span> <span class='ocrx_word' id='word_1_343' title='bbox 855 4315 982 4403; x_wconf 90' lang='lat' dir='ltr'><strong>impuro</strong></span> <span class='ocrx_word' id='word_1_344' title='bbox 1014 4311 1246 4380; x_wconf 79' lang='lat' dir='ltr'><strong>mundabitur?</strong></span> <span class='ocrx_word' id='word_1_345' title='bbox 1271 4322 1306 4380; x_wconf 93' lang='lat' dir='ltr'><strong>et</strong></span> <span class='ocrx_word' id='word_1_346' title='bbox 1333 4334 1355 4378; x_wconf 89' lang='lat' dir='ltr'><strong>a</strong></span> 
     </span>
     <span class='ocr_line' id='line_1_39' title="bbox 64 4415 1359 4508; baseline -0.004 -21"><span class='ocrx_word' id='word_1_347' title='bbox 64 4419 233 4498; x_wconf 88' lang='lat' dir='ltr'><strong>mendace,</strong></span> <span class='ocrx_word' id='word_1_348' title='bbox 267 4417 346 4507; x_wconf 89' lang='lat' dir='ltr'><strong>quid</strong></span> <span class='ocrx_word' id='word_1_349' title='bbox 383 4419 454 4483; x_wconf 83' lang='lat' dir='ltr'><strong>veri</strong></span> <span class='ocrx_word' id='word_1_350' title='bbox 475 4415 684 4505; x_wconf 69' lang='lat' dir='ltr'><strong>proferetur?</strong></span> <span class='ocrx_word' id='word_1_351' title='bbox 718 4416 826 4483; x_wconf 84' lang='lat' dir='ltr'><strong>Etiam</strong></span> <span class='ocrx_word' id='word_1_352' title='bbox 858 4417 920 4485; x_wconf 90' lang='lat' dir='ltr'><strong>hoc</strong></span> <span class='ocrx_word' id='word_1_353' title='bbox 953 4441 996 4487; x_wconf 85' lang='lat' dir='ltr'><strong>ex</strong></span> <span class='ocrx_word' id='word_1_354' title='bbox 1028 4421 1208 4508; x_wconf 89' lang='lat' dir='ltr'><strong>scriptura:</strong></span> <span class='ocrx_word' id='word_1_355' title='bbox 1243 4416 1359 4483; x_wconf 90' lang='lat' dir='ltr'><strong>melior</strong></span> 
     </span>
     <span class='ocr_line' id='line_1_40' title="bbox 67 4518 1357 4613; baseline -0.005 -22"><span class='ocrx_word' id='word_1_356' title='bbox 67 4533 127 4609; x_wconf 89' lang='lat' dir='ltr'><strong>est,</strong></span> <span class='ocrx_word' id='word_1_357' title='bbox 152 4546 248 4613; x_wconf 89' lang='lat' dir='ltr'><strong>quam</strong></span> <span class='ocrx_word' id='word_1_358' title='bbox 270 4529 446 4611; x_wconf 90' lang='lat' dir='ltr'><strong>perpetuus</strong></span> <span class='ocrx_word' id='word_1_359' title='bbox 467 4521 619 4606; x_wconf 83' lang='lat' dir='ltr'><strong>mendax,</strong></span> <span class='ocrx_word' id='word_1_360' title='bbox 631 4524 779 4608; x_wconf 85' lang='lat' dir='ltr'><strong>quamvis</strong></span> <span class='ocrx_word' id='word_1_361' title='bbox 793 4532 929 4612; x_wconf 89' lang='lat' dir='ltr'><strong>uterque</strong></span> <span class='ocrx_word' id='word_1_362' title='bbox 948 4523 1126 4594; x_wconf 88' lang='lat' dir='ltr'><strong>damnetur.</strong></span> <span class='ocrx_word' id='word_1_363' title='bbox 1146 4523 1232 4590; x_wconf 89' lang='lat' dir='ltr'><strong>Item</strong></span> <span class='ocrx_word' id='word_1_364' title='bbox 1247 4518 1357 4593; x_wconf 86' lang='lat' dir='ltr'><strong>aliud:</strong></span> 
     </span>
     <span class='ocr_line' id='line_1_41' title="bbox 68 4623 1358 4720; baseline -0.001 -24"><span class='ocrx_word' id='word_1_365' title='bbox 68 4629 200 4716; x_wconf 80' lang='lat' dir='ltr'><strong>Sagitta</strong></span> <span class='ocrx_word' id='word_1_366' title='bbox 223 4637 255 4694; x_wconf 92' lang='lat' dir='ltr'><strong>et</strong></span> <span class='ocrx_word' id='word_1_367' title='bbox 277 4625 365 4693; x_wconf 89' lang='lat' dir='ltr'><strong>ensis</strong></span> <span class='ocrx_word' id='word_1_368' title='bbox 401 4623 567 4691; x_wconf 89' lang='lat' dir='ltr'><strong>esthemo</strong></span> <span class='ocrx_word' id='word_1_369' title='bbox 589 4626 652 4704; x_wconf 90' lang='lat' dir='ltr'><strong>ille,</strong></span> <span class='ocrx_word' id='word_1_370' title='bbox 675 4630 731 4712; x_wconf 91' lang='lat' dir='ltr'><strong>qui</strong></span> <span class='ocrx_word' id='word_1_371' title='bbox 753 4628 895 4718; x_wconf 90' lang='lat' dir='ltr'><strong>loquitur</strong></span> <span class='ocrx_word' id='word_1_372' title='bbox 917 4639 1029 4696; x_wconf 89' lang='lat' dir='ltr'><strong>contra</strong></span> <span class='ocrx_word' id='word_1_373' title='bbox 1048 4631 1234 4720; x_wconf 87' lang='lat' dir='ltr'><strong>proximum</strong></span> <span class='ocrx_word' id='word_1_374' title='bbox 1265 4650 1358 4695; x_wconf 93' lang='lat' dir='ltr'><strong>suum</strong></span> 
     </span>
     <span class='ocr_line' id='line_1_42' title="bbox 66 4731 1384 4833; baseline 0.001 -32"><span class='ocrx_word' id='word_1_375' title='bbox 66 4733 188 4802; x_wconf 82' lang='lat' dir='ltr'><strong>falsum</strong></span> <span class='ocrx_word' id='word_1_376' title='bbox 221 4733 450 4803; x_wconf 87' lang='lat' dir='ltr'><strong>testimonium.</strong></span> <span class='ocrx_word' id='word_1_377' title='bbox 495 4733 682 4802; x_wconf 76' lang='lat' dir='ltr'><strong>Itemalius</strong></span> <span class='ocrx_word' id='word_1_378' title='bbox 706 4740 836 4811; x_wconf 81' lang='lat' dir='ltr'><strong>textus:</strong></span> <span class='ocrx_word' id='word_1_379' title='bbox 856 4733 977 4804; x_wconf 81' lang='lat' dir='ltr'><strong>Falsus</strong></span> <span class='ocrx_word' id='word_1_380' title='bbox 1009 4740 1110 4833; x_wconf 70' lang='lat' dir='ltr'><strong>testis</strong></span> <span class='ocrx_word' id='word_1_381' title='bbox 1127 4735 1206 4802; x_wconf 69' lang='lat' dir='ltr'><strong>stne</strong></span> <span class='ocrx_word' id='word_1_382' title='bbox 1221 4731 1384 4802; x_wconf 55' lang='lat' dir='ltr'><strong>onusta</strong></span> 
     </span>
    </p>
   </div>
   <div class='ocr_carea' id='block_1_7' title="bbox 0 0 1481 5040">
    <p class='ocr_par' dir='ltr' id='par_1_7' title="bbox 0 0 1481 5040">
     <span class='ocr_line' id='line_1_43' title="bbox 0 0 1481 5040; baseline 0 0"><span class='ocrx_word' id='word_1_383' title='bbox 0 0 1481 5040; x_wconf 95' lang='lat' dir='ltr'><strong> </strong></span> 
     </span>
    </p>
   </div>
  </div>
 </body>
</html>
