2948 5040
137 150 208 222 166

137 323 333 391 consiliariis
355 344 421 391 non
444 332 494 390 est
515 324 649 409 licitum,
673 327 803 393 omnino
824 347 887 391 nec
908 325 995 391 mihi·
1011 324 1120 393 facere
1142 348 1337 397 concessum
1370 343 1425 398 est.

137 428 367 495 sanctissimus
398 438 491 516 pater
520 432 607 497 enim
640 451 713 496 cum
750 429 942 496 consiliariis
987 432 1055 496 suis
1089 432 1175 499 bene
1203 436 1306 519 novit,
1346 458 1425 522 quae

136 533 265 620 agenda
287 535 360 618 sint,
393 556 435 598 ne
458 534 536 623 quid
558 534 686 622 indigni
719 542 751 600 et
770 533 908 600 indebiti
931 535 1158 602 committatur.
1203 537 1301 619 Quod
1326 539 1421 627 igitur

136 637 218 703 mihi
239 637 282 703 ad
303 638 465 725 agendum
487 647 540 704 est
559 637 768 726 impossibile,
800 660 925 727 precor,
961 638 1068 704 need
1098 639 1161 707 hoc
1182 641 1353 728 agendum
1374 666 1421 710 me

136 764 254 829 urgere
274 744 506 830 dignarentur3
530 744 742 831 quodcunque
772 752 881 812 autem
912 742 994 808 mihi
1015 764 1113 830 agere
1134 744 1258 830 liceret,
1291 746 1338 812 ad
1366 747 1420 815 hoo

136 846 370 934 perficiendum
393 857 676 936 semper-paratus
699 870 780 914 sum.
824 847 887 913 His
920 847 1016 913 dictis
1037 846 1079 914 ab
1109 850 1251 943 invicem
1273 872 1418 919 recesse-

135 959 220 1035 runt,
243 959 276 1017 et
295 974 356 1040 per
376 951 498 1039 aliquot
531 952 602 1019 dies
631 960 866 1020 commorantes
894 950 977 1018 nihil
1009 960 1118 1019 tamen
1151 955 1293 1044 amplius
1331 979 1422 1045 agero

136 1065 317 1145 potuerunt.

676 1247 823 1316 CAPUT
844 1247 898 1313 22.

133 1372 194 1434 Ubi
216 1373 353 1434 scribitur
375 1375 412 1433 de
434 1377 560 1450 quodam
575 1375 739 1436 Laurentio
760 1375 902 1449 tubicine,
923 1393 943 1434 a
964 1389 1022 1448 quo
1043 1374 1159 1434 Passek
1180 1377 1316 1439 ludibrio
1339 1379 1420 1440 affec·

134 1467 182 1518 tus
203 1458 268 1518 luit·
291 1462 368 1521 Item
391 1464 469 1536 quod
491 1463 627 1540 Hungari
648 1463 752 1523 Budae
775 1471 877 1523 contra
899 1462 1051 1539 episcopos
1066 1463 1192 1522 rebelles
1207 1463 1279 1525 lacti
1304 1467 1420 1539 fuerim,

134 1548 377 1627 accumulati‘per
390 1551 492 1608 urbem
508 1560 668 1623 currentes,
691 1551 833 1629 praelecti
855 1551 974 1609 domum
995 1549 1205 1626 impetivcrint.
1252 1552 1335 1612 Item
1350 1557 1422 1632 quod

135 1652 173 1690 ex
195 1632 336 1694 Bohemia
369 1636 496 1696 dominis
519 1637 773 1715 et'Pragensibus
795 1636 960 1697 nuntiatum
990 1634 1087 1709 fuerit,
1123 1636 1243 1714 Pragae
1266 1643 1421 1702 tumultum
1451 1702 1454 1707 ,

135 1729 271 1780 exortum
292 1721 403 1797 tuisse;
437 1716 674 1784 Passek't'amen
698 1744 764 1784 curn
786 1725 885 1802 legato
907 1724 944 1782 de
966 1722 1154 1800 compactitis
1186 1725 1267 1802 agit3
1303 1735 1425 1809 atquae

607 1813 723 1889 legatus
744 1811 953 1890 praetenderit.

218 1906 353 1972 Interim
375 1908 429 1973 die
443 1908 616 1975 Dominica
636 1919 711 1998 post
739 1913 772 1976 S.
785 1909 910 1976 Urbani
934 1909 1019 1974 diem
1031 1909 1178 2000 (tsnaj.)
1196 1910 1335 1998 quidam
1349 1912 1424 1979 Lau·

133 2012 256 2077 rentius
287 2014 397 2099 regius
430 2014 571 2099 tubicen,
593 2016 745 2099 Polonus,
768 2016 914 2081 venitin
936 2013 1149 2081 diversorium
1173 2035 1247 2080 cum
1268 2015 1424 2084 Benessic

135 2118 231 2183 etiam
261 2117 415 2197 tubicine,
450 2120 505 2206 qui
528 2142 601 2184 cum
623 2118 842 2206 Pragensibus
865 2140 903 2183 eo
926 2118 1068 2197 devenit,
1101 2118 1158 2183 ubi
1181 2128 1250 2184 erat
1271 2123 1425 2208 magister

133 2220 259 2287 Passek
280 2243 354 2286 cum
387 2223 484 2306 clero,
518 2233 556 2288 et
568 2223 728 2310 ablegatis
749 2221 977 2310 Pragensibus.
1001 2223 1073 2310 {Hic
1096 2222 1254 2289 allocutus
1278 2225 1345 2292 fuit
1366 2250 1424 2292 ma·

134 2327 272 2417 gistrum
292 2327 418 2393 Passek
440 2327 552 2414 lingua
573 2327 722 2415 polonica
744 2327 874 2393 dicens:
899 2348 956 2392 cur
977 2325 1058 2392 haec
1079 2325 1204 2392 locutus
1233 2328 1331 2396 fuisti
1352 2332 1423 2419 regi,

135 2434 221 2522 quod
242 2456 354 2498 omnes
376 2454 526 2521 proceres
548 2434 583 2496 in
604 2433 764 2498 Bohemia
785 2430 827 2495 ad
848 2431 970 2518 Papam
993 2432 1212 2515 accesserint,
1236 2433 1298 2498 ubi
1322 2444 1418 2502 tamen
1440 2430 1444 2437 ’

134 2537 261 2603 nobiles
291 2535 421 2602 domino
444 2539 515 2624 regi
549 2537 696 2603 scribunt
718 2536 778 2603 sub
800 2536 908 2601 multis
932 2537 1061 2622 sigillis,
1094 2536 1129 2602 id
1150 2535 1268 2603 falsum
1293 2547 1416 2625 essert

135 2642 212 2707 dum
235 2664 307 2707 cum
330 2665 407 2729 rege
429 2641 639 2730 praecedenti
674 2651 706 2707 et
735 2642 890 2707 moderno
913 2642 947 2706 in
968 2641 1126 2706 Bohemia
1147 2641 1337 2724 fuissemus,
1352 2654 1417 2735 ton

134 2768 194 2813 vos
216 2747 351 2813 Bohemi
374 2750 547 2814 cantastis:
570 2748 642 2834 plus
666 2749 790 2834 oportet
813 2746 945 2813 obedire
978 2746 1109 2811 domino
1125 2768 1183 2811 suo
1207 2754 1267 2814 etc.
1292 2746 1420 2814 Exinde

134 2853 289 2937 magister
310 2853 435 2918 Passels
457 2855 557 2919 iratus
587 2854 745 2936 surrexit,
779 2861 811 2917 et
840 2851 953 2917 abiens
986 2850 1090 2922 dixit:
1125 2853 1196 2938 quis
1231 2851 1423 2919 daemonum

134 2956 221 3022 hunc
237 2957 368 3023 stultum
384 2957 426 3023 ad
438 2981 490 3023 me
505 2959 614 3046 misit3
637 2956 806 3045 respondit
819 2955 1032 3021 Laurentius:
1055 2978 1120 3022 non
1137 2979 1207 3022 sum
1220 2978 1280 3042 ego
1301 2958 1423 3039 stultus,

135 3061 193 3126 sed
215 3061 274 3127 tibi
308 3072 340 3127 et
362 3062 496 3128 cuilibet
517 3065 687 3129 veritatem
710 3061 820 3127 dicere
842 3060 955 3145 audeo,
980 3070 1012 3125 et
1034 3069 1163 3125 cantum
1187 3060 1325 3127 dicens:
1348 3061 1421 3127 fide·

135 3162 182 3232 les
207 3166 383 3233 Christiani
405 3176 465 3232 etc.
487 3167 600 3233 abivit.
646 3165 793 3231 Tandem
815 3162 907 3230 Deus
941 3166 1117 3231 concitavit
1148 3163 1335 3251 Hungaros,
1372 3165 1422 3253 qui

137 3271 324 3337 cumulatim
346 3272 423 3336 hinc
445 3272 520 3337 inde
543 3279 753 3338 cucurrerunt
774 3272 954 3335 animantes
976 3292 1011 3334 se
1034 3269 1173 3334 invicem
1196 3276 1311 3333 contra
1343 3271 1421 3358 epis·

136 3398 244 3463 copos,
268 3376 548 3464 archiepiscopum
572 3385 604 3441 et
614 3375 763 3464 papalem
780 3373 929 3461 legatum.
952 3372 1025 3438 Hoc
1036 3381 1180 3460 tempore
1204 3375 1424 3461 exspoliarunt

137 3479 266 3546 domum
289 3480 458 3568 eujusdam
481 3478 634 3569 baptisati
652 3479 776 3567 judaei,
808 3480 863 3566 qui
892 3479 1037 3566 episcopi
1059 3477 1242 3564 praefectus
1264 3479 1373 3545 suerat
1392 3481 1423 3544 in

136 3585 309 3668 montanis,
344 3586 441 3649 etiam
472 3586 551 3650 elios
579 3584 718 3673 judaeos
741 3583 1013 3673 exspoliaverunt,
1047 3593 1079 3646 et
1100 3581 1186 3648 bona
1209 3605 1321 3648 eorum
1344 3584 1423 3650 abri-

136 3696 284 3775 puerunt.
319 3688 391 3754 Hoc
404 3690 500 3754 etiarn
525 3701 668 3777 tempore
690 3686 910 3775 Pragensibus
932 3687 1112 3752 nuntiatum
1134 3687 1203 3771 fuit,
1224 3687 1353 3774 Pragae
1377 3698 1424 3753 tu·

137 3792 272 3857 multum
295 3798 400 3858 ortum'
421 3794 531 3871 fuisse,
562 3805 594 3859 ct
617 3794 702 3882 quod
725 3795 833 3858 curiae
854 3790 1012 3857 militibus
1034 3790 1151 3878 plenae
1174 3792 1247 3874 sint,
1270 3801 1308 3856 ut
1329 3792 1424 3858 tidem

135 3897 313 3963 Romanam
329 3906 362 3963 ct
383 3897 556 3963 humanam
577 3896 771 3986 relinquant,
795 3906 826 3962 et
841 3897 971 3962 domum
992 3903 1204 3977 revertantur,
1227 3894 1325 3961 valde
1342 3898 1423 3962 enim

135 4000 171 4066 id
191 4003 410 4067 necessarium
432 4024 513 4068 esse.
558 4003 683 4066 Pariter
712 4000 863 4066 dominus
886 3998 1136 4087 Christopborus
1172 3999 1213 4063 de
1243 3998 1425 4085 Suamberg

136 4106 277 4192 principi
300 4115 331 4169 et
361 4106 491 4172 domiuo
514 4105 592 4172 Lew
615 4106 745 4192 scripsit
775 4104 894 4187 literas,
928 4105 962 4167 in
986 4102 1103 4190 quibus
1131 4104 1302 4187 nuntiavit,
1341 4103 1424 4190 quod

134 4209 247 4273 rustici
267 4211 420 4295 universi,
450 4213 641 4300 praesertim
663 4212 697 4275 in
720 4209 866 4274 districtu
888 4208 1090 4273 Hradecensi
1112 4218 1345 4293 consurgentes
1377 4218 1424 4274 tu·

135 4313 347 4399 multuentur;
370 4316 447 4381 inde
467 4339 618 4405 proceres
640 4315 712 4381 illos
735 4313 915 4390 admoneat,
948 4313 1133 4398 utPragam
1154 4310 1266 4377 venire
1304 4313 1424 4379 accele-

135 4427 217 4500 rent,
251 4427 284 4482 et
304 4441 391 4484 nunc
413 4420 454 4485 de
476 4421 540 4485 fide
569 4446 634 4488 non
668 4422 888 4503 sollicitentur,
923 4442 997 4484 cum
1023 4417 1088 4482 alia
1110 4418 1195 4483 mala
1227 4421 1423 4486 immineant

135 4522 295 4609 Legatum
317 4532 423 4589 autem
446 4534 577 4613 propter
599 4526 773 4614 Hungaros
795 4527 829 4590 in
845 4524 1023 4590 diversorio
1039 4523 1109 4609 ejus
1122 4521 1284 4589 custodire
1308 4525 1424 4591 debue-

135 4637 227 4712 runt5
249 4627 400 4716 princeps
424 4632 519 4695 etiam
543 4629 677 4697 Carolus
700 4653 774 4696 cum
795 4629 930 4717 reliquis
956 4623 1144 4715 proceribus
1166 4626 1320 4694 Bohemis
1342 4629 1425 4696 able·

127 4735 219 4815 gatis
241 4743 276 4800 et
297 4734 384 4802 clero
408 4757 450 4803 ex
473 4735 660 4806 diversoriis
683 4739 773 4804 exire
802 4737 872 4803 ausi
904 4756 970 4800 non
1003 4732 1142 4817 fuerunt,
1176 4732 1235 4799 sed
1263 4757 1325 4823 per
1347 4739 1425 4807 duos
