2948 5040
115 310 230 383 'milare
251 328 388 399 possum
407 306 576 379 dominum
595 307 756 379 ioannem
777 308 913 377 Hlawsa
932 306 976 375 de
994 305 1168 392 Liboslaw,
1199 305 1258 395 qui
1285 324 1401 373 omnes

115 415 196 483 alios
219 413 333 481 exules
356 418 389 478 et
408 409 568 499 relegatos
580 416 747 482 consocios
769 436 846 480 suos
867 414 903 479 in
924 412 986 479 hoc
1007 412 1173 501 superavit
1182 419 1216 478 et
1234 409 1400 499 praeemi-

111 523 192 605 nuit,
214 517 301 610 quod
322 517 498 583 maximam
521 515 782 602 sollicitudinem,
813 516 1026 604 diligentiam,
1056 536 1218 604 expensas
1251 516 1288 581 in
1309 513 1407 579 hisce

112 622 360 693 necessitatibus
395 619 592 709 impenderit
637 644 713 689 cum
749 621 912 710 frequenti
942 619 1087 708 periculo
1116 621 1204 688 vitae
1235 639 1316 685 suae
1346 639 1404 706 pro

112 728 326 819 possibilitate
359 747 418 791 sua
448 746 600 811 magnam
633 725 784 793 obtinens
826 724 1020 808 libertatem,
1058 721 1326 790 consuetudinem
1378 730 1409 787 et

111 833 269 914 notitiam,
299 839 333 896 et
353 831 388 894 in
417 827 468 894 his
498 827 648 895 omnibus
675 829 996 917 circumspectionem
1017 825 1105 915 apud
1124 848 1238 914 regem
1271 834 1305 891 et
1327 823 1408 891 alios

113 937 306 1027 praecipuos
339 943 372 1000 et
404 931 615 1000 notabiliores
638 955 681 1000 ex
713 934 801 1000 omni
823 942 908 1001 stetu
929 932 1036 999 altiori
1057 942 1090 997 at
1123 930 1279 1013 inferiori,
1313 928 1408 995 cleri-

116 1063 237 1124 corum,
268 1037 481 1133 saecularium
510 1047 543 1103 et
574 1036 711 1105 aliorum
739 1037 916 1123 hominum,
944 1045 980 1104 ut
1011 1036 1101 1104 Deus
1125 1036 1156 1101 ai
1190 1044 1223 1101 et
1245 1032 1409 1100 consociis

113 1138 180 1213 suis
203 1134 339 1232 gratiam
361 1142 448 1231 apud
470 1140 542 1208 illos
564 1142 712 1209 invenire
734 1143 931 1210 concesserit
952 1149 1083 1226 tantam,
1116 1136 1203 1230 quod
1225 1159 1342 1204 omnes
1364 1136 1408 1204 eis

112 1248 346 1331 condoluerint,
380 1249 416 1311 in
451 1245 509 1313 tali
542 1268 653 1314 eorum
681 1249 804 1337 injusta
835 1246 1013 1314 afflictione
1045 1255 1106 1312 etc.
1145 1244 1325 1331 Postquam
1342 1243 1410 1330 jam

112 1355 222 1423 omnia
249 1350 400 1418 dominus
426 1348 560 1416 Hlawaa
587 1350 782 1439 perfecisset
803 1373 862 1419 sua
892 1373 1012 1438 magna
1039 1348 1210 1437 diligentia
1237 1336 1411 1413 etseduli·

111 1467 188 1542 tate,
210 1465 339 1542 tempus
355 1454 427 1540 jam
449 1452 556 1519 eidem
587 1454 702 1533 aDeo
735 1454 917 1544 praefixum
950 1450 1239 1543 appropinquabat,
1271 1472 1337 1539 quo
1359 1449 1411 1517 ad·

112 1563 259 1628 mittente
291 1557 460 1624 infirmitas
493 1557 601 1643 gravis
634 1567 666 1624 et
697 1559 890 1628 insanabilis
919 1558 1013 1625 illum
1033 1558 1162 1636 invasit,
1195 1577 1280 1643 quae
1302 1555 1411 1642 impri-

115 1669 177 1733 mis
200 1662 338 1731 subinde
360 1661 620 1747 imminuebatur,
643 1662 783 1731 subinde
804 1685 883 1732 vero
905 1665 1042 1730 nimium
1073 1660 1265 1749 augebatur,
1298 1659 1411 1725 ultimo

113 1769 245 1837 tandem
265 1765 490 1834 imbecillitate
511 1767 617 1834 victus
639 1767 803 1847 decubuit,
821 1769 927 1856 jacuit
943 1770 979 1834 in
993 1767 1171 1835 afflictione
1186 1787 1318 1852 magna,
1346 1785 1412 1829 sae·

87 1957 89 1962 Α
112 1874 188 1964 pius
209 1871 266 1938 diu
286 1880 449 1958 noctuque
470 1873 613 1959 quietem
635 1895 701 1940 non
722 1874 874 1940 obtinens
896 1896 955 1962 per
985 1873 1109 1961 aliquot
1138 1871 1352 1960 septimanas,
1382 1869 1414 1933 in

112 2000 177 2066 qua
198 1977 384 2043 infirmitate
406 1978 574 2042 continuas
588 1999 703 2066 preces
725 1977 768 2044 ad
779 1978 887 2045 Deum
909 1978 1001 2062 fudit,
1024 2000 1090 2045 non
1113 1975 1244 2064 quidem
1267 1985 1337 2041 tam
1359 1992 1413 2061 pro

110 2083 257 2150 ulteriori
280 2083 417 2150 sanitate
431 2080 618 2160 obtinenda,
640 2081 699 2149 sed
720 2105 779 2170 pro
792 2083 882 2150 felici
893 2085 980 2151 vitae
1001 2084 1139 2149 termino
1161 2090 1194 2146 et
1214 2101 1275 2168 pro
1299 2101 1412 2168 pecea-

113 2195 218 2256 torum
240 2188 440 2254 remissione.
475 2186 628 2273 Dumque
652 2208 687 2253 se
709 2188 756 2252 ita
776 2186 963 2254 mundasset
983 2189 1018 2253 in
1041 2189 1104 2253 hoo
1125 2185 1304 2253 christiano
1340 2208 1410 2273 pur-

113 2293 249 2380 gatorio,
272 2290 359 2379 quod
372 2290 469 2358 valde
490 2291 650 2378 patienter
672 2291 810 2376 sustulit,
834 2293 915 2358 etin
929 2314 1023 2358 sacra
1040 2291 1240 2380 poenitentia
1263 2310 1413 2378 persevc-

114 2397 210 2476 ravit,
231 2396 377 2483 respexit
386 2395 479 2461 Deus
500 2416 615 2483 preces
637 2394 794 2483 ejusdem,
817 2405 984 2484 morteque
996 2395 1135 2462 eundem
1157 2394 1304 2461 visitavit
1315 2402 1412 2461 noctu

114 2499 168 2567 die
190 2500 364 2566 Dominica
385 2499 468 2566 festo
491 2499 526 2567 S.
547 2498 683 2566 Priscae
706 2498 859 2588 (ru-18.
880 2500 970 2589 dan.)
994 2522 1078 2567 anno
1106 2500 1242 2568 Domini
1267 2499 1366 2566 1554

202 2603 299 2686 Quod
309 2626 388 2672 vero
403 2603 485 2671 haec
504 2603 641 2670 dissidia
655 2604 780 2671 tamdiu
798 2605 988 2672 duraverint
1006 2617 1038 2673 et
1055 2605 1097 2672 ad
1114 2605 1213 2672 finem
1243 2606 1409 2695 pervenire

114 2731 180 2775 non
202 2709 374 2796 potuerint,
406 2707 463 2774 ubi
492 2719 600 2774 tamen
623 2707 778 2774 sedulitas
800 2708 966 2776 hominum
988 2733 1053 2777 non
1076 2709 1196 2797 defuit,
1217 2709 1303 2776 illud
1325 2731 1415 2777 nemo

112 2812 379 2900 miretur-Apud
400 2813 482 2879 tales
504 2815 591 2880 enim
613 2823 794 2901 magnates,
815 2837 920 2902 reges,
942 2817 1107 2904 principes
1129 2824 1162 2882 et
1183 2815 1267 2883 alios
1291 2816 1414 2882 similes

112 2938 179 2984 non
200 2917 318 3002 statim,
344 2918 432 3004 quod
446 2919 580 3008 petitum„
597 2918 770 3003 obtinetur,
794 2921 872 3008 quia
886 2921 1007 3010 ubique
1022 2921 1250 2988 reluctationes
1263 2931 1296 2988 et
1317 2922 1416 2988 resis-

114 3022 236 3094 tentiae
257 3024 471 3111 reperiuntur,
496 3032 594 3112 atque
615 3024 741 3090 falsitas
763 3033 796 3091 et
807 3025 926 3114 injuria
936 3049 1011 3094 cum
1019 3029 1156 3096 veritate
1168 3034 1293 3093 certare
1309 3026 1416 3103 debet,

113 3130 218 3197 donee
232 3131 323 3198 Deus
344 3132 473 3200 veritati
493 3133 665 3200 victoriam
679 3132 810 3217 tribuat,
832 3132 1009 3221 quemlibet
1023 3134 1113 3199 enim
1132 3155 1168 3198 se
1190 3132 1362 3198 timentem
1376 3129 1415 3196 ad

113 3236 340 3305 omnebonum
352 3237 495 3323 adjuvat,
516 3237 690 3304 dummodo
711 3239 835 3304 tamdiu
847 3238 953 3326 pulset
964 3238 1138 3325 diligenter
1158 3260 1197 3303 ac
1209 3244 1288 3319 oret,
1312 3235 1416 3302 donec

115 3340 307 3408 exaudiatur
329 3341 371 3407 ab
394 3364 442 3425 eo,
466 3351 499 3408 et
524 3345 648 3430 pariter
669 3342 800 3410 tandem
823 3344 910 3432 apud
932 3342 1088 3410 homines.
1121 3343 1211 3409 Talis
1231 3352 1312 3407 vcro
1337 3340 1414 3406 dila

114 3446 210 3513 tionis
232 3447 336 3533 primo
357 3446 562 3514 causahaec
587 3456 646 3532 est,
669 3448 757 3536 quod
780 3448 870 3514 Deus
903 3451 950 3514 ita
982 3448 1104 3515 habere
1124 3447 1274 3530 voluerit,
1303 3454 1343 3511 nt
1364 3444 1413 3510 his

113 3549 343 3618 afflictionibus
366 3560 399 3617 et
425 3553 566 3618 miseriis
585 3562 719 3640 propter
739 3562 875 3641 peccata
896 3577 955 3620 sua
976 3561 1185 3642 torqueantur
1220 3559 1253 3614 et
1266 3570 1416 3638 purgen-

117 3662 170 3720 tur
191 3654 226 3720 hi
248 3655 372 3724 exules.
415 3654 530 3721 Altera
551 3657 740 3740 consuluit,
772 3657 859 3745 quod
880 3681 941 3725 rex
962 3658 1149 3725 Ludovious
1183 3655 1355 3721 admiserit
1387 3661 1417 3719 et

114 3757 199 3825 falsa
230 3758 459 3826 informatione
474 3770 626 3849 accepta
653 3761 735 3828 illud
767 3763 948 3848 indulserit,
985 3764 1054 3829 sine
1086 3760 1220 3851 praevia
1248 3758 1414 3826 auditione

113 3864 216 3951 partis
237 3862 405 3948 adversae,
427 3872 464 3930 ut
485 3864 520 3930 hi
541 3873 654 3930 contra
675 3865 793 3939 alteros
815 3876 935 3955 agant,
971 3868 1207 3954 quamprimum
1228 3884 1309 3929 vero
1333 3862 1415 3928 haee

114 3968 311 4052 rescivisset,
334 3968 422 4034 unde
443 3968 497 4035 hic
521 3969 677 4036 tumultus
700 3981 788 4037 ortus
817 3972 924 4054 fuerit,
959 3981 1027 4037 tum
1048 3971 1154 4059 primo
1176 3968 1325 4033 notitiam
1350 3989 1416 4032 cer·

114 4071 306 4139 tamhabuit
327 4072 403 4139 huic
424 4073 526 4142 falsae
548 4076 752 4142 contrariam.
775 4076 918 4166 Ideoque
932 4076 1039 4142 finalis
1053 4075 1190 4142 intentio
1212 4080 1245 4138 et
1265 4071 1419 4138 voluntas

115 4177 186 4264 ejus
207 4176 278 4261 finit,
312 4177 394 4243 haee
424 4178 618 4265 corrigendi,
650 4188 684 4245 et
712 4182 895 4268 reparandi,
929 4181 1147 4271 injuriamque
1176 4176 1419 4245 contemnendi·

114 4281 208 4347 Deus
229 4303 307 4348 vero
331 4284 535 4370 omnipotens
557 4283 649 4349 illum
673 4306 711 4350 ao
734 4283 890 4353 devenire
913 4295 945 4351 et
967 4308 1006 4352 ea
1026 4285 1185 4375 perficere
1214 4303 1281 4346 non
1312 4280 1421 4346 admi-

116 4387 168 4470 sit,
190 4387 226 4452 in
247 4384 304 4452 illo
326 4385 489 4453 desiderio
512 4409 584 4452 eum
607 4409 650 4453 ex
664 4386 727 4454 hoc
748 4388 868 4454 mundo
891 4410 1052 4475 evocans3
1075 4388 1154 4455 dum
1176 4385 1321 4450 enimin
1346 4406 1421 4450 eum

115 4491 214 4559 finem
238 4500 346 4558 certae
368 4492 442 4558 vias
460 4494 531 4580 jam
551 4501 765 4581 praeparatae
797 4492 944 4576 fuissent,
978 4502 1082 4559 morte
1113 4495 1313 4582 praeventus
1348 4490 1420 4574 fuit,

115 4595 257 4684 indeque
280 4596 392 4662 dilatio
414 4597 510 4686 hujus
532 4596 667 4662 ulterior
689 4605 761 4662 orta
781 4596 851 4662 fuit.
895 4597 1044 4664 Tandem
1066 4597 1130 4664 hoe
1150 4616 1290 4682 regnum
1311 4593 1424 4661 Bobe-

114 4700 201 4768 miae
225 4700 363 4769 obtinuit
384 4724 445 4770 rex
466 4700 711 4788 ferdinandus,
735 4701 792 4768 ille
814 4701 892 4769 licet
914 4705 1011 4772 etiam
1033 4704 1130 4793 hujus
1151 4701 1330 4771 voluntatis
1354 4700 1425 4768 fue-
