2948 5040
85 168 151 236 262

86 338 188 420 tollat,
222 338 413 424 supprimat,
442 336 591 404 destruat
622 347 656 403 at
677 335 845 418 annihilet,
879 335 1061 413 confidens,
1089 333 1177 420 quod
1211 356 1249 399 se
1278 334 1316 399 in
1334 333 1384 399 his

88 443 280 511 obedienter
301 450 333 507 et
355 439 517 509 submisse
546 451 680 528 gerent3
716 439 768 506 his
801 461 882 527 ergo
911 439 1055 507 contenti
1088 459 1161 503 esse
1189 437 1385 504 debuerunt.

87 546 171 629 Quis
191 567 280 611 nunc
301 546 496 630 invenietur,
526 547 583 634 qui
602 543 729 613 furores
751 564 863 610 eorum
891 540 1099 610 conscribere
1119 539 1264 629 posset?
1308 539 1387 607 Post

83 650 207 737 aliquot
227 651 315 717 enim
338 651 536 739 septimanas
558 650 613 718 die
626 648 803 721 Dominica
824 647 908 714 festo
930 646 1044 714 Sancti
1065 644 1230 735 Amolphi
1251 644 1386 734 quidam

86 753 273 823 sacerdntes
307 753 460 829 concitati
492 757 573 825 citra
608 752 765 843 plurimas
798 752 909 819 literas
940 752 1050 838 regias
1080 749 1191 817 furore
1227 771 1289 817 suo
1324 773 1386 817 non

85 859 233 943 cedente,
255 858 334 928 dum
356 867 417 955 aut¹
431 858 662 927 nonsavemnt
684 855 836 924 exulibus
858 855 939 923 tales
956 857 1077 943 gratias
1099 854 1217 940 regias,
1241 853 1301 920 vel
1319 856 1385 943 jan

83 962 126 1035 ad
158 963 374 1051 terminuma
402 962 476 1029 Deo
507 963 556 1028 eis
590 960 787 1028 destinatum
816 966 1041 1047 properarunt,
1074 956 1325 1046 proclismarrmt
1358 967 1386 1024 et

87 1067 179 1157 quasi
202 1054 351 1133 homines
380 1065 532 1150 audaces,
565 1064 723 1154 impudici
760 1071 793 1130 et
825 1061 867 1129 ab
898 1065 987 1131 omni
1018 1062 1105 1129 bono
1127 1061 1240 1129 alieni
1260 1061 1386 1129 rabiem

87 1193 178 1237 suam
200 1193 260 1260 per
281 1168 453 1241 ecclesias·
471 1169 727 1258 promulgarunt,
761 1169 971 1260 prohibentes
1001 1169 1118 1234 iterum
1151 1166 1387 1252 communitati,

85 1282 122 1342 ut
142 1297 217 1340 curn
239 1274 468 1362 suprascriptis
497 1272 651 1361 relegatis
685 1297 752 1342 non
782 1279 1025 1354 conversentur,
1060 1292 1117 1338 eos
1145 1269 1387 1349 non'salntent

85 1401 192 1466 neque
225 1377 268 1446 ad
290 1377 403 1444 domos
426 1386 459 1443 et
487 1375 703 1445 habitationes
736 1402 812 1448 suaa
842 1401 905 1445 eos
921 1377 1102 1470 admittant,
1134 1376 1182 1442 eis
1202 1373 1291 1441 nibil
1314 1398 1388 1444 ven·

86 1483 174 1567 dant,
196 1480 456 1570 necquidquam
479 1481 520 1547 ab
543 1480 608 1549 illis
631 1491 749 1567 emant,
781 1482 846 1549 illis
881 1504 947 1549 non
968 1481 1150 1570 loquantur,
1184 1479 1251 1544 imo
1275 1500 1323 1544 ex
1343 1480 1388 1545 in·

86 1596 178 1674 tegro
201 1607 256 1652 eos
279 1587 400 1670 vitent,
428 1585 567 1674 populus
589 1609 679 1671 vero,
709 1597 743 1653 ut
766 1595 871 1670 antea,
903 1586 951 1675 sic
973 1586 1140 1672 hucusque
1162 1603 1298 1670 semper
1319 1606 1389 1672 pro

85 1690 413 1767 bibitionesillorum
437 1694 632 1781 contempsit
653 1700 685 1759 et
707 1691 823 1763 leviter
844 1690 1038 1773 aestimavit,
1072 1685 1156 1754 nihil
1178 1708 1236 1753 eos
1259 1709 1390 1768 curans,

84 1795 150 1860 nisi
172 1793 306 1892 quidam
327 1794 404 1862 huic
427 1795 541 1869 turbae
563 1796 689 1862 similes
713 1797 747 1865 in
770 1796 890 1882 exiguo
912 1815 1058 1860 numero.
1080 1791 1153 1858 Hoc
1176 1792 1266 1858 enim
1282 1792 1389 1859 modo

85 1897 210 1964 nullum
233 1900 415 1987 profectum
438 1901 558 1992 populo
581 1922 716 1968 causare
746 1899 969 1982 intendebant,
1002 1899 1068 1964 imo
1091 1919 1153 1963 nec
1174 1895 1338 1963 honorem
1361 1908 1391 1965 et

85 2001 219 2068 laudem
232 2004 308 2088 Dei,
333 2006 420 2106 quqd
442 2015 551 2072 tamen
573 2027 672 2093 agere
694 2005 743 2071 dc.
758 2005 900 2070 essentia
922 2000 1061 2069 cuilibet·
1070 2003 1228 2088 magistro
1251 2013 1391 2093 spectat,

86 2108 145 2174 sed
167 2109 326 2175 invidiam
350 2118 383 2175 et
405 2109 541 2177 dissidia
569 2112 674 2197 magis
699 2130 828 2199 semper
861 2105 1119 2174 disseminabant
1151 2114 1289 2196 propter
1312 2131 1389 2196 ang·

86 2221 231 2279 mentum
252 2213 359 2280 laudis
383 2223 415 2280 et
437 2214 568 2282 honoris
591 2217 641 2281 sui
663 2215 798 2305 proprii·
841 2212 920 2302 Ipsa
949 2220 1057 2278 autem
1080 2233 1159 2278 sana
1180 2212 1265 2279 ratio
1291 2222 1391 2297 vetat,

86 2339 129 2383 ne
151 2317 256 2384 homo·
271 2318 335 2385 sibi
358 2319 467 2403 simili,
501 2320 676 2389 autetiam
700 2319 828 2385 cuidam
858 2326 961 2384 status
983 2315 1107 2404 altioris
1127 2328 1244 2385 coacte
1267 2321 1392 2389 malum

88 2422 253 2512 quoddam
286 2423 414 2507 inferat,
447 2432 481 2490 et
501 2425 529 2489 si
563 2423 627 2490 tale
660 2423 784 2511 aliquid
813 2428 917 2489 tentat
953 2419 1113 2489 violenter
1149 2431 1298 2509 coactns,
1332 2448 1393 2492 nec

87 2529 232 2594 animum
262 2535 318 2593 aut
339 2526 539 2593 desiderium
576 2527 759 2594 adsimilis
795 2526 932 2609 habens,
968 2523 1077 2591 nullus
1111 2526 1233 2593 exinde
1266 2529 1386 2597 frustm

87 2632 280 2720 praesertim
304 2631 482 2721 spiritualis
506 2634 700 2720 nec-agenti
733 2653 841 2721 neque
863 2653 962 2719 agere
986 2634 1116 2720 cogenti
1138 2637 1309 2723 provenit,
1329 2638 1383 2703 nisi

87 2735 175 2803 solae
196 2758 322 2824 poenae
353 2735 537 2819 infernales,
571 2738 647 2823 quia
670 2736 740 2802 sola
761 2735 894 2825 ¹invidia
917 2745 949 2801 et
971 2736 1168 2804 desiderium
1189 2739 1321 2808 melum
1340 2743 1389 2809 hic

87 2841 193 2926 alitur,
217 2839 400 2928 exquibus
423 2841 611 2930 frequenter
633 2841 780 2926 dissidia,
802 2843 868 2908 imo
890 2843 1067 2911 homicidia
1088 2845 1302 2930 proveniunt.
1348 2853 1354 2868 ’

623 3051 772 3147 ossus
795 3055 848 3122 30.

88 3250 127 3308 In
150 3267 207 3325 quo
229 3250 406 3325 insinnatur,
441 3250 521 3328 quod
553 3248 596 3307 illi
626 3249 742 3310 Passek
765 3259 794 3309 et
827 3249 892 3327 ejus
925 3252 1031 3311 turbae
1067 3270 1179 3310 cornua
1212 3252 1390 3315 deciderint·

89 3334 226 3421 Tandem
263 3340 339 3413 quod
363 3336 498 3407 Ozahera
534 3330 565 3394 in
599 3336 730 3396 comitiis
748 3337 891 3397 Budvioii
926 3357 1026 3397 coram
1058 3358 1128 3417 rege
1155 3339 1330 3400 admonitus
1363 3352 1389 3400 ot

90 3423 126 3480 de
149 3422 281 3499 ejusdem
304 3424 434 3483 falsitate
456 3423 624 3500 inculpatus
647 3422 746 3484 fuerit.
791 3424 868 3482 Item
891 3424 969 3498 quod
992 3445 1048 3484 rex
1070 3446 1108 3483 ex
1131 3424 1262 3485 comitiis
1287 3427 1388 3487 literas

89 3528 210 3569 severas
233 3511 440 3588 Pragensibus
462 3509 629 3587 scripserit,
664 3510 760 3588 ipsum
793 3531 865 3571 vero
887 3511 1154 3572 administratorem
1187 3530 1227 3571 ex
1251 3515 1385 3574 omnibus

89 3596 253 3674 provinciis
275 3597 380 3674 regiis
414 3597 478 3656 suis
513 3598 635 3656 exulare
651 3597 787 3673 jusserit,
820 3607 850 3657 et
872 3599 1018 3673 quomodo
1051 3599 1079 3659 ei
1106 3600 1138 3658 in
1172 3598 1224 3658 via
1256 3602 1386 3674 cesserit,

89 3684 170 3758 quod
192 3703 259 3745 eum
282 3683 359 3745 sient
381 3684 472 3752 alium
487 3684 682 3747 malitiosum
704 3685 832 3745 tolerare
853 3685 1003 3750 noluerint
1025 3688 1173 3748 stlocum
1194 3687 1386 3751 habitationis

629 3791 689 3833 nou
710 3771 850 3833 laverint.

100 3952 104 3957 ·
177 3920 237 3986 Illo
272 3943 349 4008 ergo
382 3929 537 4009 tempore,
571 3920 649 3986 dum
678 3944 698 3987 a
731 3920 851 3988 talibus
886 3924 963 4008 suis,
1001 3946 1067 3989 non
1104 3921 1293 4007 christiano,
1329 3945 1386 3990 neo

92 4025 233 4092 humano
255 4025 351 4092 modo
373 4026 542 4101 concitatis
587 4024 732 4092 dissidiis
765 4028 914 4114 magistri
947 4027 995 4093 illi
1027 4025 1186 4093 desistere
1219 4026 1385 4106 noluisset,

84 4134 174 4221 juste
195 4131 276 4198 illud
297 4153 467 4197 commune
504 4129 713 4218 proverbium
742 4132 961 4220 implebatur:
997 4132 1084 4221 quod
1105 4131 1191 4198 bono
1228 4142 1386 4219 regnante

90 4236 220 4303 domino
241 4235 345 4303 bonus
383 4236 529 4303 omnium
551 4244 705 4324 sequatur
735 4259 925 4324 successus,
957 4237 1035 4321 dum
1057 4236 1142 4303 enim
1164 4236 1294 4304 Passek
1316 4259 1386 4305 curn

90 4340 187 4408 sociis
209 4361 331 4407 cornua
364 4339 537 4428 superbiae
572 4349 686 4407 contra
717 4360 829 4428 regern
864 4342 1030 4410 dominum
1063 4364 1157 4410 suum
1193 4344 1385 4425 erexissent,

89 4447 240 4532 contigit·
256 4443 398 4528 tandem,
437 4443 678 4535 quodpropter
713 4445 795 4511 tales
819 4441 1060 4514 inobedientiae
1087 4468 1243 4515 excessus
1265 4470 1386 4517 cornua

88 4548 172 4615 haec
193 4549 243 4615 illi
264 4571 331 4615 una
353 4570 427 4615 cum
460 4547 534 4615 aliis
556 4548 685 4637 dejecta
717 4550 839 4618 fuerint
870 4553 906 4617 in
942 4553 1152 4620 renovatione
1189 4561 1324 4622 senatus
1357 4562 1387 4625 et

90 4653 251 4720 divisione
272 4654 413 4738 unionis,
445 4674 483 4720 ao
511 4653 644 4720 tendam
674 4656 772 4722 etiam
793 4657 829 4722 in
860 4656 1060 4744 relegatione
1094 4657 1244 4748 ejusdem
1265 4681 1287 4725 a
1309 4674 1386 4748 rege

79 4757 179 4840 motu,
204 4756 248 4827 de
270 4778 336 4850 qua
357 4757 453 4831 brevi
474 4756 613 4834 dicetur.
655 4758 731 4830 'lali
751 4762 850 4832 etiam
871 4761 979 4851 modo,
1001 4784 1075 4833 cum
1097 4762 1212 4834 Gallus
1235 4762 1386 4836 Oaahera
