2948 5040
135 155 201 225 256

136 325 179 392 de
199 323 265 391 illis
287 330 424 412 quatuor
443 322 602 409 personis,
624 319 712 409 quod
733 321 900 409 bucusque
921 323 1126 406 exspectent,
1145 337 1191 381 an
1211 317 1290 385 illos
1311 317 1423 385 audire

136 428 248 513 velint,
269 429 323 495 cui
337 427 410 517 jam
430 425 557 491 Passek
576 447 643 493 non
665 425 871 509 contradixit,
894 445 970 491 cum
989 425 1059 509 jam
1075 432 1289 510 compunctus
1308 422 1424 508 fuerit;

137 532 197 600 sed
233 532 365 621 quidam
397 529 440 597 de
471 529 567 597 turba
585 530 684 611 illius,
707 530 830 598 Paulus
851 528 991 595 rotarius
1014 534 1048 592 et
1067 524 1236 593 Ianaman
1257 549 1337 595 eum
1358 527 1428 595 aliis

137 635 331 725 quibusdam
351 637 474 725 paucis,
497 636 609 722 exigui
630 636 757 702 numeri
779 634 843 701 sibi
863 633 1080 721 aequalibus,
1099 631 1295 720 inceperunt
1316 655 1357 700 se
1378 656 1428 722 op·

134 763 258 833 ponepe
279 749 392 809 eontra
411 763 541 809 omnem
555 742 728 831 justitiam,
749 762 816 807 non
837 739 1029 811 exhibentes
1049 741 1093 811 ad
1120 743 1202 811 haee
1229 742 1428 811 sufficientes

137 867 263 913 causas.
284 846 374 913 Dum
395 867 474 914 vero
490 847 592 935 juste,
613 844 723 912 debite
744 852 777 911 et
797 844 975 933 prudenter
996 867 1032 911 se
1053 869 1218 936 opponere
1232 856 1423 937 nonpotue

135 953 211 1035 rint,
235 950 294 1018 sed
324 951 429 1019 solum
461 973 601 1018 accensa
632 973 691 1017 sua
710 951 817 1040 prima
848 949 941 1017 rabie
962 949 1045 1017 baec
1074 951 1235 1041 impedire
1256 953 1426 1037 voluerint,

138 1059 284 1153 exceptis
307 1078 385 1144 ergo
406 1056 458 1123 his
480 1078 593 1124 omnes
614 1056 735 1146 reliqui
754 1058 789 1125 in
812 1056 1041 1124 communitate
1070 1066 1261 1146 praesentes
1296 1081 1427 1149 respon·

136 1157 264 1246 derunt,
286 1160 454 1228 dicentes:
478 1159 596 1228 Sinos
618 1161 770 1228 meliores
792 1161 866 1228 Deo
890 1183 1011 1244 sumus,
1034 1161 1331 1252 stillaepersonae
1345 1165 1427 1253 pejo-

136 1287 189 1332 res
211 1266 380 1350 11111111111,
402 1287 481 1353 ergo
502 1264 577 1333 illos
599 1288 665 1333 non
686 1265 872 1352 audiamns3
895 1268 1015 1333 scimus
1036 1275 1156 1352 autem,
1171 1268 1260 1357 quod
1277 1270 1428 1337 meliores

135 1393 206 1458 nos,
227 1394 334 1459 neque
355 1380 423 1437 tam
443 1371 523 1438 boni
544 1371 654 1456 simus,
677 1380 711 1439 et
728 1370 779 1437 illi
799 1373 896 1437 etiam
918 1373 1047 1460 pejores
1075 1370 1235 1440 daemone
1255 1395 1327 1441 non
1348 1375 1428 1474 sint3

138 1499 207 1542 cum
229 1477 330 1562 igitur
350 1476 443 1543 Deus
472 1475 664 1543 daemonem
700 1475 871 1560 audiverit,
905 1498 963 1542 cur
1000 1477 1099 1542 etiam
1119 1499 1182 1543 nos
1202 1476 1279 1543 illos
1318 1478 1427 1544 audire

137 1602 204 1667 non
225 1579 426 1647 deberemus.
469 1572 532 1645 His
569 1581 664 1646 dictis
687 1579 889 1646 statim-illos
920 1579 964 1645 ad
997 1583 1261 1647 communitatem
1284 1581 1428 1648 intromi-

138 1693 256 1767 11111111,
301 1683 357 1750 ubi
400 1683 621 1777 aduenientes¹
646 1683 696 1749 illi
731 1692 867 1770 quatuor
900 1683 1013 1749 exules
1058 1706 1168 1752 coram
1189 1684 1347 1753 omnibus
1369 1709 1428 1754 ser·

139 1809 268 1855 monem
290 1787 494 1879 protulerrmt
514 1811 573 1877 per
595 1787 763 1855 dominum
783 1788 946 1855 Joannem
968 1787 1112 1874 Hlawsa,
1134 1789 1197 1856 hoc
1219 1811 1341 1856 sensu:

668 2015 818 2082 CAPUT
840 2015 892 2083 27.

138 2214 200 2276 Ubi
221 2214 401 2286 insinuatur,
424 2231 499 2288 quae
521 2212 565 2272 illi
598 2213 701 2272 exules
735 2231 836 2272 coram
859 2212 1070 2273 communitate
1101 2211 1334 2274 urbisveteris
1368 2234 1430 2293 pro

138 2301 304 2379 posuerint,
327 2303 416 2378 quale
438 2301 528 2360 etiam
550 2318 729 2377 responsum
751 2319 770 2358 a
792 2296 1002 2359 communitate
1024 2300 1068 2359 eis
1091 2301 1194 2360 datum
1215 2299 1320 2377 fuerit,
1356 2306 1431 2380 quod

137 2388 185 2446 illi
207 2388 339 2463 Pasmk,
361 2395 390 2447 et
410 2387 465 2447 toti
487 2387 551 2464 ejus
572 2388 680 2446 turbes
702 2393 822 2464 gratum
844 2386 948 2445 audire
969 2406 1029 2447 non
1052 2387 1118 2460 luit,
1143 2395 1173 2447 et
1194 2405 1288 2463 quam
1312 2390 1431 2451 honeste

473 2480 500 2495 ”
596 2473 710 2532 eisdem
730 2466 823 2532 locuti
845 2468 965 2533 fuerint.
1257 2478 1261 2484 '

224 2624 302 2692 0111
323 2622 448 2690 domini
470 2623 810 2690 etnDesideravimus
826 2625 898 2712 jam
919 2623 1017 2710 longo
1038 2631 1195 2712 tempore,
1216 2627 1317 2693 utin
1346 2649 1421 2718 prae·

140 2729 245 2795 sentia
266 2738 298 2794 et
320 2736 481 2794 conventu
515 2735 624 2794 vestro
646 2725 807 2818 colloquio
829 2728 893 2794 frui
913 2727 1095 2815 possimns3
1118 2723 1258 2817 alonge
1286 2740 1427 2823 tempore

139 2856 216 2901 vero
238 2832 320 2901 illud
343 2832 490 2900 obtinere
511 2854 577 2900 non
598 2834 771 2921 potuimus.
816 2831 899 2899 Oum
920 2833 1021 2918 igitur
1040 2855 1127 2899 nunc
1149 2833 1300 2903 adhaec
1324 2860 1428 2905 assen-

140 2961 212 3004 sum
234 2936 478 3023 obtinuerimus,
500 2960 663 3032 rogamus,
684 2946 721 3004 ut
740 2959 801 3004 nos
824 2936 959 3026 pacifice
981 2947 1014 3002 et
1035 2937 1248 3008 amicabiliter
1282 2942 1429 3013 audiatis.

138 3044 211 3110 Non
247 3042 443 3110 intendimus
479 3052 583 3109 autem
605 3042 706 3109 multa
728 3041 826 3131 loqui,
850 3049 883 3107 et
903 3044 1074 3129 conqueri
1096 3043 1138 3110 de
1159 3044 1221 3128 his,
1246 3068 1337 3134 quae
1358 3069 1427 3114 con·

139 3158 189 3213 tra
209 3169 269 3212 nos
290 3149 326 3213 in
346 3147 408 3215 hac
419 3149 551 3215 civitate
566 3147 701 3235 egerint,
713 3155 745 3212 et
767 3146 879 3233 quales
892 3147 1133 3224 ,commotiones
1155 3152 1430 3234 exortaefuerint,

139 3260 194 3319 aut
215 3251 375 3339 quomodo
396 3260 542 3319 nostrum
574 3253 717 3317 omnium
749 3250 935 3317 honestates
967 3249 1074 3317 laesae
1105 3251 1234 3337 fuerint,
1272 3254 1338 3322 1111
1358 3255 1427 3323 ubi·

139 3379 201 3445 que
223 3340 398 3440 dilatando,
422 3379 505 3445 quae
527 3357 637 3423 omnia
657 3355 751 3423 vobis
774 3357 894 3443 optime
916 3363 993 3421 nota
1015 3364 1099 3440 sunt,
1138 3379 1205 3423 non
1245 3340 1429 3427 dubitamus

138 3464 245 3549 etiam,
268 3465 347 3553 quin
369 3463 427 3530 illa
447 3486 534 3530 nunc
570 3464 695 3548 melius,
733 3485 828 3550 quam
850 3469 946 3526 autea
981 3461 1180 3548 intelligatis.
1232 3463 1316 3530 Post
1353 3487 1427 3552 quas

138 3571 370 3637 commotiones
406 3592 467 3635 rex
488 3567 675 3637 Ludovicus
698 3568 802 3634 felicis
837 3564 1072 3651 recordationis
1093 3567 1325 3635 informatione
1347 3569 1425 3636 alio·

139 3696 210 3740 rum
232 3673 405 3758 intellecta,
428 3674 523 3739 nobis
545 3673 720 3761 praecepit,
754 3681 790 3739 ut
810 3672 929 3739 nostris
952 3661 1101 3736 omnibus
1122 3672 1218 3739 bonis
1243 3673 1426 3757 divenditis,

140 3800 158 3844 1
188 3779 373 3845 civitatibus
406 3778 458 3843 his
479 3801 539 3844 nos
561 3778 626 3844 alio
660 3778 873 3846 conferamus.
928 3779 996 3851 Sua
1027 3777 1132 3863 Regia
1163 3776 1325 3865 Majestas
1358 3799 1426 3844 vero

139 3884 334 3971 percipiens,
372 3906 430 3948 cur
451 3883 530 3948 talia
552 3893 665 3947 contra
687 3905 747 3948 nos
769 3891 841 3949 acta
863 3883 991 3966 iirerint,
1015 3904 1081 3947 nou
1104 3880 1208 3946 solum
1234 3903 1425 3950 consensum

139 4009 232 4052 suum
262 3986 430 4076 praebere,
465 4008 578 4052 verum
601 3998 634 4051 et
655 3986 810 4053 mandare
833 3986 1038 4073 dignabatur,
1060 4009 1102 4052 ne
1124 3984 1210 4052 bona
1231 3996 1358 4071 nostra,
1379 3993 1425 4053 aut

138 4091 251 4158 domos
272 4101 305 4158 et
329 4090 587 4181 suppellectilem
609 4091 832 4176 divendamus,
867 4092 925 4158 sed
958 4115 998 4158 ea
1020 4112 1250 4158 conservemus
1273 4099 1308 4156 et
1330 4098 1424 4159 custo

138 4195 280 4274 dianus,
314 4196 379 4261 imo
408 4197 598 4284 praecipere
620 4194 754 4282 dignata
775 4195 853 4277 fuit,
886 4205 921 4261 ut
954 4197 1058 4262 omnis
1091 4196 1173 4261 haec
1208 4196 1424 4263 controversia

136 4296 349 4367 amicabiliter
370 4308 586 4387 comportetur
607 4307 640 4366 et
660 4300 871 4386 nansigatur3
906 4298 1020 4367 ultimo
1051 4298 1192 4381 1111111111,
1226 4307 1297 4366 tam
1331 4322 1423 4389 prop·

136 4402 283 4486 toralia,
317 4424 414 4490 quam
446 4411 557 4468 nostra
590 4402 726 4469 dissidia
754 4402 962 4470 notabiliores
993 4404 1123 4469 nuntios
1145 4401 1180 4469 in
1201 4402 1265 4469 boo
1294 4425 1423 4493 regnum

136 4507 291 4595 ablegare
321 4505 456 4595 dignata
488 4507 558 4575 fuit
603 4508 687 4574 Post
719 4492 857 4573 mortem
884 4530 961 4574 vero
997 4507 1154 4596 ejusdem,
1175 4517 1354 4598 postquam
1373 4530 1424 4577 rex

137 4611 364 4680 Fordinandus
387 4610 537 4679 dominus
560 4621 671 4679 noster
692 4613 944 4701 gratiosissimus
979 4636 1116 4700 regnum
1145 4612 1209 4680 hoc
1239 4612 1424 4704 assumpsis·

136 4726 197 4797 set,
227 4715 422 4809 proceribus
444 4715 690 4787 notabilioribus
718 4740 778 4807 per
806 4727 872 4786 tres
893 4719 984 4787 vices
1005 4717 1182 4797 mandavit,
1215 4728 1254 4787 ut
1284 4718 1349 4789 bas
1369 4718 1423 4785 dis·
