2948 5040
1304 124 1348 207 ib

46 295 92 362 ob
116 295 205 362 bunc
227 300 334 361 actmn
357 294 392 360 in
415 293 565 359 effectum
587 289 842 379 perducendum,
877 289 965 378 quod
986 314 1086 380 saepe
1120 290 1201 357 dicti
1224 294 1348 379 captivi

47 421 129 466 suos
152 399 318 490 adjutores
344 398 493 464 aluerint

137 503 261 569 Hicin
282 502 420 568 veritate
443 501 509 566 dici
530 511 650 590 posset,
689 500 776 586 quod
811 498 899 586 apud
921 498 1040 564 multas
1071 498 1163 564 leves
1197 498 1345 564 femellas

47 608 125 697 plus
136 607 355 673 verecundiae
368 607 562 689 inveniatur,
586 628 683 692 quam
706 603 794 691 apud
816 603 915 668 talem
939 603 1072 687 clerum,
1096 605 1151 691 qui
1182 626 1346 669 venenum

48 733 145 778 suum
182 710 255 797 lege
277 711 341 775 Dei
374 709 529 796 obtegere
561 731 659 774 ausus
692 707 773 793 fuit,
810 718 898 772 certe
921 707 1060 772 daemon
1083 707 1119 771 id
1142 730 1198 773 eos
1221 708 1345 792 docuit,

50 817 109 905 qui
131 816 178 880 ita
199 813 338 880 subdole
350 815 529 880 Dominum
551 836 646 879 suum
668 813 827 878 allocutus
849 811 918 877 fuit.
943 811 1032 876 Dum
1049 834 1198 898 ergonec
1211 812 1348 900 perinde

50 922 176 987 veritas
199 919 418 1006 Pragensium
438 917 546 983 adhuc
570 917 776 1000 substitisset,
800 924 1029 981 converterunt
1051 915 1193 981 ferocem
1205 918 1349 981 animum

52 1046 148 1089 suum
170 1004 212 1088 ad
235 1021 451 1108 exquirendos
462 1021 665 1100 Pickhartas‚
689 1020 884 1103 carceribus,
909 1020 1038 1084 et'aliis
1050 1019 1280 1085 afflictionibus
1294 1040 1349 1084 cos

53 1125 260 1213 corrigendo,
285 1124 371 1213 quod
394 1127 492 1192 etiam
514 1126 720 1215 perfecerunt
741 1149 825 1192 unus
842 1134 954 1190 contra
968 1124 1115 1206 alterum,
1138 1124 1216 1189 dum
1237 1132 1350 1189 contra

54 1230 200 1298 invicem
222 1231 264 1296 ab
286 1231 410 1316 aliquot
430 1232 523 1296 annis
535 1231 646 1297 odium
656 1230 789 1317 aliquod
800 1230 965 1311 foverunt,
981 1229 1111 1315 quando
1122 1252 1240 1316 nempe
1258 1231 1348 1316 juste

52 1356 139 1401 unus
159 1333 254 1400 alteri
276 1333 421 1400 debitum
454 1334 588 1420 aliquod
620 1335 801 1419 tenebatur,
836 1334 890 1400 vel
924 1333 964 1398 ob
1001 1355 1226 1421 quamcunque
1248 1333 1351 1415 aliam

54 1439 164 1505 levem
177 1447 209 1502 et
222 1439 425 1504 temerariam
442 1460 584 1521 causam,
609 1449 641 1505 et
664 1441 723 1504 sia
739 1438 898 1504 creditore
922 1459 979 1502 suo
1002 1437 1044 1501 de
1066 1438 1128 1503 hoc
1150 1437 1259 1526 debito
1282 1459 1350 1503 mo-

14 1588 25 1611 ,
53 1543 145 1608 nitus
166 1542 288 1623 fuerat,
311 1542 437 1625 volens,
459 1552 495 1608 ut
517 1542 663 1609 debitum
684 1543 765 1609 illud
788 1543 929 1609 retinere
951 1543 1063 1629 possit,
1087 1542 1244 1608 indicium
1259 1540 1351 1614 dedit

55 1646 144 1730 aliis,
166 1645 258 1712 illum
279 1645 490 1712 vPiclrhartsrn
513 1669 584 1712 esse
618 1649 717 1726 (sicut
745 1657 879 1714 venator
909 1644 1044 1712 canibus
1079 1669 1176 1734 super
1209 1646 1352 1734 leporem

55 1750 214 1818 indicium
225 1750 279 1818 vel
302 1752 429 1838 signum
442 1751 510 1839 dat)
535 1762 567 1817 et
578 1751 771 1817 Bethlehem
794 1751 938 1836 aliasque
957 1750 1112 1815 ecclesias
1129 1749 1353 1815 Pickharticas

55 1855 291 1942 frequentasse,
331 1855 561 1941 accusavitque
594 1855 686 1920 illum
710 1853 849 1919 subdole
871 1855 906 1917 in
929 1854 1077 1919 absentia
1099 1853 1196 1936 illius,
1235 1877 1353 1942 nempe

57 1963 160 2049 partis
183 1958 340 2024 adversae
375 1958 485 2047 (fuerit
507 1957 563 2024 ille
597 1968 767 2024 accusator
803 1956 1040 2043 qualiscunque
1062 1959 1097 2020 in
1114 1942 1247 2023 actibus
1272 1958 1353 2045 suis)

57 2065 148 2128 etin
170 2084 319 2127 carceres
342 2085 417 2127 eum
437 2063 573 2149 perduci
585 2064 779 2150 procuravit,
804 2071 836 2126 et
848 2061 981 2146 quidam
1003 2083 1063 2147 per
1075 2061 1255 2125 territorias
1279 2082 1354 2125 con·

59 2167 261 2254 scripserunt
282 2166 392 2232 literas
415 2166 544 2231 dolosas
578 2176 610 2231 et
626 2165 754 2232 insidiis
776 2165 900 2252 plenas,
923 2167 957 2229 in
980 2164 1098 2252 quibus
1120 2163 1203 2228 false
1224 2172 1353 2229 attesta-

60 2272 188 2355 bantur,
227 2294 346 2356 easque
380 2271 515 2354 consuli,
552 2270 606 2337 vel
636 2274 671 2335 in
694 2272 931 2353 consistorium,
968 2269 1022 2336 vel
1044 2271 1108 2336 alio
1131 2268 1352 2356 porrigebant,

64 2373 150 2460 quod
171 2375 349 2441 directores
383 2398 441 2464 pro
475 2384 564 2441 certa
595 2377 732 2442 veritate
755 2385 1009 2462 assumpserunt,
1044 2385 1077 2440 et
1105 2379 1151 2441 ita
1173 2377 1354 2442 discordias

62 2490 274 2568 paraverunt,
310 2481 443 2564 tamdiu,
479 2479 566 2566 quod
588 2478 707 2544 deinde
729 2481 861 2567 ipsimet
877 2481 948 2567 jam
970 2466 1110 2566 pertaesi
1133 2481 1260 2546 fuerint.
1292 2480 1358 2547 Ob·

61 2583 292 2650 lectamentum
323 2584 385 2649 hoc
416 2583 546 2649 illorum
568 2583 691 2649 tamdiu
715 2584 852 2666 duravit,
876 2607 978 2670 usque
1001 2584 1078 2649 dum
1101 2608 1200 2651 unum
1235 2588 1358 2665 socium

61 2688 104 2755 de
127 2689 257 2776 opificio
281 2689 505 2755 cultrariorum
539 2711 641 2777 penes
678 2688 855 2753 numellam
878 2674 1000 2775 virgari
1027 2689 1215 2777 jussissent,
1256 2700 1288 2754 et
1318 2713 1361 2769 ex

63 2792 197 2860 civitate
221 2793 326 2876 educi,
350 2793 391 2858 ob
414 2792 536 2858 nullam
559 2792 660 2857 eliam
686 2815 828 2876 causam,
852 2815 949 2879 quam
974 2795 1059 2878 quod
1081 2791 1168 2880 apud
1190 2795 1296 2881 ipsum
1308 2797 1360 2861 in·

63 2897 218 2992 venerint
240 2899 395 2983 scriptum
417 2896 580 2983 quoddam
603 2897 643 2962 de
667 2898 870 2962 sacramento
893 2896 1015 2980 altaris,
1034 2897 1132 2980 juxta
1154 2900 1261 2986 legem
1281 2903 1357 2984 Dei,

64 3025 84 3067 a
106 3001 302 3090 quibusdam
315 3002 547 3068 *sacerdotibus
570 3002 788 3088 Pragensibus
811 3010 889 3066 tuno
912 3003 1092 3068 confectum
1118 3013 1230 3070 contra
1261 3028 1361 3094 expo·

65 3106 218 3173 sitionem
241 3107 482 3190 monstrantiae,
517 3107 603 3192 quod
626 3108 756 3193 incipit:
789 3105 883 3170 Multi
906 3116 1100 3172 venerantes
1123 3111 1360 3196 expositionem

64 3212 211 3298 corporis
227 3210 349 3277 Christi
367 3198 427 3277 etc.
450 3210 535 3275 Mira
556 3233 608 3275 res
622 3220 679 3295 est,
703 3210 982 3298 quodPragenses
998 3210 1202 3279 haurientem
1215 3225 1278 3280 tam
1292 3226 1360 3282 tur-

65 3316 153 3402 piter
176 3315 364 3402 puniverint
387 3323 418 3378 et
432 3314 682 3402 potilatoremin
699 3337 783 3401 pace
804 3314 1011 3400 reliquerint3
1024 3339 1098 3382 nam
1119 3318 1254 3384 clericos
1277 3321 1361 3404 illos,

65 3420 123 3505 qui
147 3419 302 3505 scriptum
324 3419 386 3485 hoc
408 3419 589 3502 ediderunt,
613 3420 647 3483 in
670 3443 750 3505 pace
773 3441 790 3484 e
814 3420 945 3485 civitate
968 3419 1170 3500 dimiserunt,
1204 3433 1360 3512 typogra-

68 3525 155 3611 phus
178 3523 285 3600 etiam,
320 3524 374 3609 qui
398 3523 459 3588 hoc
482 3525 639 3612 scriptum
661 3524 787 3610 Pragae
809 3525 983 3610 impressit,
1020 3534 1052 3590 et
1074 3525 1139 3604 ille,
1174 3530 1228 3612 qui
1251 3527 1360 3594 multis

68 3627 256 3693 bominibus
290 3627 446 3710 vendidit,
479 3619 605 3692 ¹nullam
634 3627 866 3696 adversitatem
889 3639 1068 3712 senserunt,
1107 3631 1165 3697 sed
1189 3632 1360 3706 cultrarius

65 3733 123 3798 ille
158 3733 240 3798 haec
275 3733 383 3797 omnia
417 3731 586 3798 exsolvere
619 3743 652 3798 et
674 3735 833 3799 sustinere
871 3733 994 3813 debuit,
1031 3732 1192 3823 flexisque
1224 3737 1363 3823 genibus

67 3838 192 3922 gratias
216 3833 283 3922 egit
302 3837 385 3920 Deo,
409 3836 496 3923 quod
519 3838 549 3902 ei
571 3837 633 3902 hoc
656 3837 776 3902 donum
798 3837 958 3919 tribuerit,
981 3848 1017 3901 ut
1037 3860 1097 3925 pro
1121 3841 1267 3927 ejusdem
1286 3865 1365 3910 vera

65 3944 141 4031 lege
163 3939 286 4028 aliquid
308 3941 376 4027 pati
408 3941 558 4028 potuerit.
602 3940 714 4008 Noluit
736 3941 866 4009 diabolo
889 3941 1016 4025 cedere,
1054 3944 1180 4031 dicens,
1218 3932 1253 4012 sc
1285 3946 1360 4034 plus

67 4056 204 4136 propter
225 4055 360 4134 peccata
383 4067 442 4111 sua
463 4047 675 4132 promeritum
697 4047 806 4113 fuisse.
1334 4081 1336 4085 <

611 4217 758 4287 CAPUT
784 4222 836 4286 22.

68 4338 130 4400 Ubi
155 4346 292 4398 narratur
315 4338 422 4397 infelix
445 4357 543 4412 casus,
568 4339 636 4397 dum
660 4339 783 4413 quidam
805 4339 900 4415 pictor
909 4349 1033 4417 propter
1053 4341 1143 4399 fidem
1153 4341 1363 4418 incarceratus,

104 4436 134 4485 et
158 4426 281 4484 tandem
304 4446 371 4484 cum
396 4426 514 4484 Joanne
535 4425 686 4486 Kalenecz
709 4427 803 4503 virgis
828 4445 934 4485 caesus
957 4447 996 4497 ex
1018 4429 1092 4486 urbe
1116 4430 1239 4488 eductus
1262 4425 1329 4488 luit.
1362 4491 1364 4496 ,

159 4505 307 4572 Tandem
331 4505 428 4593 paulo
451 4516 526 4594 post
549 4509 651 4572 sutori
674 4507 802 4572 cuidam
833 4508 921 4573 idem
944 4507 1101 4592 fecerunt,
1137 4519 1169 4574 et
1192 4511 1310 4596 stigma
1331 4511 1367 4576 in

66 4611 188 4677 faciem
212 4609 318 4676 eidem
347 4611 534 4674 inusserunt
557 4611 598 4676 ob
621 4611 739 4677 falsum
761 4633 934 4695 rumorem,
958 4611 1044 4699 quod
1066 4613 1173 4699 proles
1197 4615 1368 4699 suasipse·

67 4725 136 4785 met
157 4714 382 4804 baptisavorit.
431 4714 510 4781 Post
532 4715 664 4803 aliquod
692 4717 810 4782 iterum
850 4726 981 4808 tempus
1003 4715 1097 4783 circa
1112 4716 1205 4867 tesga
1229 4714 1393 4777 aasabim
