2948 5040
679 333 826 403 CAPUT
849 335 900 400 14.

146 508 210 575 Ubi
231 511 409 587 insinuatur,
446 512 526 590 quod
547 531 602 571 rex
624 511 834 575 Fordinandus
858 515 955 574 denuo
976 512 1080 573 literas
1103 535 1141 573 ex
1154 514 1315 594 Hungsria
1336 510 1372 575 in
1387 514 1439 576 Bo·

146 600 277 660 herniam
299 594 507 675 transmiserit,
538 597 723 678 significans,
757 603 837 679 quod
859 602 916 660 sibi
948 600 1046 660 omnia
1067 603 1143 661 bene
1165 612 1195 661 et
1216 602 1347 662 feliciter
1371 622 1437 663 suc·

146 687 298 762 cesserint,
327 687 414 746 Buda
436 696 466 746 et
479 686 563 761 ¹aliae
584 686 726 747 civitates
761 707 793 747 se
815 688 841 747 ei
876 687 1072 764 subjecerint3
1107 685 1196 748 simul
1218 709 1323 767 regem
1348 688 1436 750 Joan·

144 768 212 834 nem
234 783 408 853 persecutus
430 773 519 833 fuerit
540 775 664 850 tamdiu,
688 776 781 835 donec
804 795 871 835 eum
893 795 992 852 regem
1015 795 1053 834 ex
1074 776 1230 854 Hungaria
1258 777 1433 855 expulisset,

145 861 271 940 ipseque
297 881 352 940 pro
372 881 444 941 rege
465 869 621 939 susceptus
634 870 675 920 et
705 870 861 923 coronatus
892 863 1010 922 tandem
1032 862 1130 938 luerit,
1161 882 1221 924 una
1242 883 1313 924 cum
1338 864 1434 944 regina

602 948 696 1008 Anna
717 948 881 1010 conthorali
904 968 967 1012 sua.

229 1102 294 1168 Die
316 1102 412 1168 lunae
421 1098 551 1166 tandem
563 1108 637 1188 post
648 1099 765 1166 festum
778 1097 813 1166 S.
829 1099 999 1165 Michaelis
1011 1101 1077 1189 (30.
1091 1099 1193 1189 Sept.)
1209 1098 1271 1167 rex
1279 1100 1391 1168 denuo
1403 1123 1438 1167 ex

143 1206 313 1295 Hungaria
334 1208 369 1272 in
390 1205 581 1271 Bohemiam
599 1202 754 1270 omnibus
786 1203 923 1270 statibus
946 1205 1077 1271 novalia
1100 1207 1240 1294 scripsit,
1272 1207 1310 1272 in
1346 1229 1437 1273 sensu

144 1313 310 1401 sequenti:
333 1309 420 1398 quod
441 1309 649 1375 medietatem
661 1310 825 1374 exercitus
849 1310 909 1392 sui,
933 1309 1088 1397 populum
1110 1309 1347 1377 notabiliorem
1370 1334 1437 1379 cum

143 1414 521 1506 equitibus,·comitibus,
551 1413 753 1502 principibus
776 1423 835 1479 etc.
858 1435 917 1500 per
938 1413 1127 1481 Danubium
1160 1415 1373 1505 expediverit
1409 1426 1437 1482 ot

143 1520 309 1587 transvehi
328 1521 471 1609 jusserit,
507 1528 541 1585 ut
563 1519 724 1585 Joannem
747 1517 948 1605 Stephanum
980 1529 1436 1610 coronatumpersequantur,

143 1633 177 1691 et
196 1624 357 1714 proelium
379 1647 453 1691 oum
476 1623 591 1690 eodem
613 1623 733 1701 ineant,
757 1631 789 1689 et
811 1623 888 1689 dnm
909 1647 1024 1690 versus
1044 1625 1170 1712 Agrum
1191 1629 1437 1714 processissent,

60 1754 64 1761 ·
143 1736 211 1794 tum
233 1731 338 1794 nuntii
361 1728 508 1818 ejusdem
530 1727 593 1794 loci
614 1726 680 1792 illis
703 1726 833 1794 obviam
856 1739 1024 1813 venerunt,
1054 1731 1125 1816 regi
1156 1753 1191 1796 se
1214 1731 1435 1821 subjicientes,

143 1841 175 1898 et
205 1855 333 1899 omnem
366 1832 584 1900 obedientiam
616 1834 854 1921 promittentes,
890 1832 977 1921 quod
1000 1836 1189 1922 capitaneus
1223 1839 1338 1924 regius
1372 1836 1436 1904 loco

142 1939 229 2025 regis
251 1937 293 2004 ab
316 1937 440 2004 eisdem
475 1938 666 2025 suscipiens,
697 1937 778 2004 haec
812 1960 885 2003 cum
919 1937 984 2003 illis
1013 1940 1188 2025 constituit,
1218 1949 1255 2006 ut
1286 1941 1437 2008 victualia

142 2051 176 2107 et
204 2063 257 2108 res
283 2042 368 2109 'alias
399 2044 600 2109 necessarias
631 2043 696 2109 illis
726 2042 927 2109 advehentes
959 2053 1154 2132 sequantur;
1189 2044 1278 2131 quod
1311 2046 1435 2134 quidem

140 2147 248 2214 facere
269 2148 497 2234 promiserunt,
529 2147 586 2213 sed
614 2170 680 2213 non
703 2149 832 2213 executi
855 2157 930 2214 sunt
960 2151 1129 2237 promissa,
1162 2148 1218 2214 sed
1242 2173 1331 2238 quae
1354 2160 1435 2241 potu·

139 2261 234 2319 erunt
255 2272 366 2319 secum
388 2253 538 2337 avehere,
561 2261 751 2337 avexerunt,
783 2261 816 2318 et
836 2254 950 2341 paucis
973 2253 1083 2340 Agnae
1105 2255 1355 2322 remanentibus
1379 2257 1434 2323 dis·

140 2367 317 2443 cesserunt,
342 2366 375 2424 et
396 2381 471 2424 cum
492 2359 527 2422 in
550 2359 665 2424 castris
696 2367 729 2424 et
763 2359 910 2426 exercitu
941 2361 1033 2446 regio
1063 2361 1183 2447 magna
1212 2364 1356 2448 penuria
1377 2363 1430 2429 fm·

139 2466 241 2545 menti
264 2474 296 2530 ct
317 2487 426 2530 rerum
450 2464 587 2530 aliarum
609 2465 717 2548 hierit,
740 2465 864 2530 reversi
889 2472 964 2530 sunt
979 2464 1113 2551 Agram,
1138 2474 1170 2530 et
1190 2465 1321 2532 ibidem
1344 2489 1432 2533 anno·

139 2589 202 2635 nae
223 2571 428 2654 invenerunt,
451 2579 641 2655 avexerunt,
675 2569 843 2635 castellum
875 2581 908 2636 et
930 2570 1095 2636 civitatem
1118 2569 1159 2634 ad
1188 2593 1310 2638 manus
1333 2574 1428 2659 regias

140 2676 364 2763 suscipientes,
387 2674 551 2762 praesidio
573 2675 797 2764 providerunt,
822 2683 854 2741 et
875 2697 953 2741 mox
975 2675 1135 2741 Joannem
1159 2673 1368 2762 Stephanum
1386 2677 1432 2742 iu·

140 2781 243 2844 secuti
265 2774 348 2847 sunt.
376 2779 420 2845 Et
441 2803 499 2868 pro
523 2781 648 2847 meliori
662 2782 834 2846 securitate
856 2781 944 2846 misit
953 2802 1014 2846 rex
1025 2781 1182 2868 majorem
1194 2780 1306 2848 adhuc
1328 2793 1433 2849 nume·

113 2943 115 2948 ,
137 2906 210 2951 rum
231 2883 344 2972 populi
364 2886 490 2965 armati,
520 2908 638 2974 nempe
661 2884 915 2974 quadringentos
949 2887 1073 2973 equites
1096 2893 1236 2950 armatos
1261 2895 1297 2952 et
1319 2887 1433 2954 ducen-

140 2984 189 3053 tos
211 2989 368 3072 Eusenos,
402 3011 441 3054 ac
464 2989 620 3056 ducentos
644 2988 872 3078 stipendiarios
895 3012 969 3056 cum
991 3011 1129 3073 annona,
1160 3012 1257 3077 quam
1281 2991 1351 3058 illis
1374 2994 1433 3082 qui·

143 3092 218 3160 darn
240 3094 365 3159 inimici
386 3090 560 3182 pro'parte
582 3103 767 3182 rapuerunt,
802 3093 859 3160 ubi
882 3094 1013 3159 tandem
1035 3093 1096 3159 hae
1126 3095 1237 3181 regiae
1260 3099 1380 3185 copiae
1401 3119 1430 3162 se

140 3192 373 3285 conjungentes
396 3200 563 3264 insecutae
595 3206 669 3263 sunt
691 3198 918 3286 Stephanum3
950 3197 1004 3263 ille
1033 3218 1111 3264 vero
1134 3206 1209 3263 ante
1231 3198 1324 3285 ipsos
1349 3223 1433 3267 exer·

138 3303 238 3368 citum
261 3325 354 3367 suum
377 3301 584 3369 locomovens
616 3303 761 3385 recessit,
793 3302 850 3389 qui
887 3300 1006 3366 deinde
1028 3323 1102 3366 oum
1129 3290 1263 3367 duobus
1294 3305 1432 3371 millibus

136 3406 337 3475 Husarorum
369 3407 411 3472 ad
445 3407 602 3495 quosdam
618 3406 812 3472 monticulos
830 3396 1012 3472 adveniens
1035 3427 1070 3471 se
1085 3404 1267 3490 collocavit,
1292 3407 1429 3475 ubicum

137 3513 238 3599 regiis
260 3513 418 3580 militibus
442 3513 627 3579 conflictum
650 3521 776 3578 tentare
791 3513 986 3600 inceperunt
1007 3519 1041 3576 et
1060 3519 1231 3598 postquam
1253 3515 1341 3599 regii
1364 3536 1429 3580 con·

137 3624 187 3683 tra
208 3617 281 3683 illos
304 3626 464 3684 tormenta
496 3617 694 3683 direxissent
724 3626 756 3682 et
778 3616 955 3705 explodere
977 3617 1186 3703 incepissent,
1219 3617 1349 3684 inimici
1371 3619 1429 3685 dis·

135 3724 224 3810 persi
245 3723 383 3806 filerunt,
408 3730 441 3788 et
462 3721 581 3787 abinde
605 3730 821 3788 recesserunt.
850 3720 947 3786 Unde
970 3719 1099 3786 tandem
1115 3718 1302 3809 Stephanus
1326 3739 1428 3790 tamen

136 3849 247 3894 versus
269 3827 380 3893 Tisam
404 3836 437 3894 et
459 3826 626 3893 castellum
648 3826 818 3913 Rogagata
849 3827 1019 3914 processit,
1048 3826 1236 3916 ibidemque
1269 3851 1305 3894 ee
1328 3831 1425 3894 muni·

135 3932 201 4017 vit;
223 3933 306 4019 regii
330 3955 407 3999 vero
430 3932 523 3998 illurn
544 3932 589 3997 ita
611 3931 898 4020 persequebantur,
922 3925 1009 4019 quod
1030 3939 1153 3998 tantum
1169 3930 1278 3998 medio
1301 3933 1425 4000 milliari

134 4036 339 4103 abinvicem
364 4037 522 4103 distarent
553 4045 586 4101 et
619 4058 654 4103 se
677 4036 883 4116 collocarent,
917 4036 974 4102 ubi
995 4039 1077 4123 regii
1101 4037 1325 4124 exploratores
1361 4058 1427 4104 suos

133 4139 292 4208 habentes
314 4140 436 4207 ibidem
459 4149 740 4228 pernoctaverunt,
773 4141 928 4207 excubias
959 4140 1080 4228 ubique
1102 4141 1347 4211 constituentes.
1391 4143 1423 4207 Iu

133 4244 215 4310 festo
238 4245 369 4310 tandem
392 4245 425 4314 S.
448 4246 634 4314 Wenceslai
656 4256 731 4312 ante
754 4247 832 4313 solis
863 4257 969 4312 ortum
990 4269 1067 4333 pars
1090 4246 1130 4313 de
1154 4246 1313 4335 Stephani
1338 4269 1422 4315 exer

134 4351 201 4415 citu
222 4359 357 4438 repente
386 4351 480 4416 irruit
512 4353 547 4416 in
582 4351 759 4419 exercitum
793 4353 919 4438 regium
953 4359 985 4416 et
1006 4350 1129 4440 aliquot
1162 4351 1422 4440 sclopetarioruu

134 4454 339 4540 occiderunt3
362 4455 479 4543 reliqui
502 4480 578 4523 vero
602 4481 637 4523 se
660 4466 790 4523 strenue
813 4465 1024 4544 opponentes,
1054 4454 1174 4521 abinde
1207 4457 1361 4524 inimicos
1382 4478 1422 4522 re·

133 4557 296 4646 pulerunt,
331 4559 513 4649 multosque
546 4562 588 4628 de
611 4562 677 4628 illis
706 4561 903 4638 occiderunt,
934 4583 973 4625 ac
1005 4559 1147 4648 reliquos
1169 4560 1211 4628 ud
1249 4565 1422 4629 exercitum

135 4683 246 4729 eorum
267 4664 465 4752 repulerunt.
509 4666 590 4732 Dux
613 4666 797 4754 Stephanus
819 4688 898 4732 vero
921 4664 1046 4730 habens
1069 4675 1200 4754 pontem
1222 4690 1285 4755 per
1306 4669 1419 4749 Tisam,

111 4783 182 4852 per
202 4788 277 4836 eum
301 4768 618 4875 red-quadringentos
641 4772 769 4842 circiter
792 4772 916 4860 equites
927 4770 1065 4838 transire
1072 4770 1177 4856 jussit,
1200 4773 1295 4862 cujus
1318 4772 1419 4863 pontis

1459 4858 1471 4991 l
