2948 5040
144 118 193 192 92

144 293 254 364 nudus
281 295 480 378 nominatur,
514 297 570 384 qui
601 295 721 364 similia
753 295 950 387 protulisset,
987 318 1031 365 ex
1062 318 1128 388 quo
1160 297 1250 367 olore
1285 298 1439 386 comuni

141 409 258 492 potest,
281 401 371 469 dicta
390 401 472 469 baec
494 422 568 469 esse
590 404 785 490 excogitata,
806 400 892 486 fictu,
913 399 998 479 falsa
1019 409 1052 469 et
1071 401 1314 494 improbabilia.

227 505 329 592 Item3
357 505 443 594 quod
465 514 554 575 certa
574 505 632 574 illa
654 508 748 594 signa
770 515 803 573 et
823 506 929 574 minas
952 509 1129 592 concernit,
1151 507 1194 575 de
1209 507 1267 595 ,bis
1287 528 1353 575 noe
1374 528 1438 577 non

140 610 305 695 scivimus,
326 631 433 700 neque
455 612 538 700 quis,
561 620 595 678 et
613 611 672 678 ubi
693 612 740 678 ita
760 611 902 678 minatus
922 612 1032 696 inerit,
1061 634 1168 701 neque
1188 620 1351 691 tortorum
1372 609 1439 681 iaa-
1470 668 1472 673 .

141 714 249 783 aiones
271 737 331 782 nos
353 725 563 798 concernunt,
593 717 659 782 imo
680 714 745 804 ipsi
767 714 808 781 de
830 737 867 784 se
888 715 968 783 fessi
990 727 1078 802 sunt,-
1112 716 1200 807 quod
1220 717 1437 787 intentionem

74 900 77 906 ,
140 820 259 887 melam
281 841 346 886 non
368 819 549 904 habuerint,
573 841 681 910 neque
702 818 746 885 de
766 817 863 886 melo·
876 814 1018 909 quodenr
1040 823 1205 907 sciverint,
1240 822 1353 895 minus
1374 846 1433 913 pro

139 924 225 991 malo
256 924 395 1014 quodam
419 927 675 1014 separaverint,
718 936 751 993 et
774 930 802 992 si
824 927 898 994 talia
920 927 1081 1017 quaedam
1103 924 1245 1014 auspicio
1267 926 1304 993 in
1325 925 1435 1015 aliquo

111 1029 347 1114 inveniretur,
384 1030 440 1099 ille
469 1052 529 1118 pro
552 1051 588 1095 se
608 1031 680 1118 ipso
702 1030 1007 1115 reddetrationem,
1043 1032 1110 1121 qui,
1148 1027 1278 1118 quando
1312 1029 1437 1118 ¹aliquid

140 1133 267 1202 locutus
303 1134 356 1201 vel
378 1136 518 1201 minatus
540 1135 653 1221 fuerit3
687 1137 770 1201 sicut
792 1137 834 1203 ad
857 1160 940 1226 quae
962 1138 1119 1225 magister
1144 1135 1288 1203 Joannea
1311 1134 1436 1205 Paasck

141 1262 176 1307 se
197 1241 447 1330 praeparaverit,
471 1239 677 1307 considerare
699 1239 892 1328 dignemini,
916 1249 1014 1329 prout
1033 1241 1163 1311 Bonusa
1184 1241 1402 1327 recogncacit

223 1344 305 1411 Item
328 1366 553 1412 asseveramus
575 1344 661 1412 Suae
683 1344 866 1430 Serenitati,
889 1348 976 1434 quod
1013 1345 1055 1411 de
1076 1346 1233 1413 militibus
1265 1345 1323 1415 vel
1344 1344 1437 1413 turba

141 1449 289 1539 quadam,
315 1458 347 1515 et
368 1449 410 1515 de
432 1449 529 1516 nullis
562 1451 705 1518 consiliis
739 1453 939 1536 sciverimus,
968 1452 1163 1535 nesciamus,
1186 1447 1349 1538 et'neque
1371 1472 1436 1517 ore·

79 1582 83 1589 ·
109 1565 117 1593 ·'
141 1555 256 1638 dimus,
279 1555 367 1644 quod
389 1556 503 1621 saltem
520 1558 610 1645 juste
632 1558 790 1645 quaedam
814 1556 1035 1625 demonstrare
1056 1558 1192 1645 possint.

226 1661 389 1747 Rogamus
411 1661 524 1727 itidem
547 1660 762 1728 Serenitatem
784 1662 945 1746 Vestram,
967 1670 1004 1727 ut
1024 1661 1155 1749 publice
1177 1658 1331 1729 cumillis
1347 1655 1437 1724 audi·

140 1788 240 1849 amur,
274 1763 332 1830 ubi
360 1767 550 1832 'innocentia
571 1775 681 1833 nostra
711 1789 789 1833 vere
811 1775 1036 1852 cognoscetur.
1080 1763 1177 1845 Quod
1213 1775 1323 1831 autem
1357 1761 1435 1829 alios

22 1932 27 1943 ,
142 1868 293 1935 articulos
316 1871 490 1953 concernit,
530 1879 604 1936 sunt
626 1869 757 1960 quidam
780 1871 967 1957 excogitati,
1000 1868 1130 1935 ridiculi
1167 1876 1200 1935 et
1221 1866 1335 1954 inepti,
1358 1864 1437 1933 nibil

51 2006 54 2013 v
141 1975 288 2040 veritatis
310 1974 353 2057 hi,
376 1962 461 2039 sicui
482 1973 539 2039 alii
560 1978 774 2043 continentes.

224 2078 286 2143 His
310 2077 458 2144 omnibus
489 2079 606 2145 auditis
638 2080 681 2145 ad
718 2079 820 2146 verba
852 2078 982 2144 illorum
1021 2077 1153 2166 (quibus
1168 2097 1263 2166 nunc
1285 2081 1321 2140 et
1342 2082 1436 2139 antea

70 2174 73 2179 ’
139 2184 333 2272 petiverunt,
356 2191 392 2246 ut
412 2205 488 2271 pars
512 2185 673 2248 contraria
695 2183 737 2248 ad
759 2184 833 2249 illos
857 2182 1054 2266 admittatur,
1092 2191 1125 2249 et
1148 2179 1350 2269 dequibus
1361 2178 1433 2243 illos

64 2303 68 2310 ·
140 2288 306 2375 suspectos
329 2287 459 2370 habent,
491 2296 523 2352 et
544 2310 628 2376 quae
651 2288 693 2353 de
714 2288 780 2354 illis
804 2289 987 2375 loquuntur,
1024 2289 1060 2352 in
1099 2286 1287 2374 praesentia
1322 2281 1435 2348 audire

139 2401 172 2457 et
192 2393 389 2484 respondere
410 2393 544 2480 possint,
583 2401 651 2456 tum
688 2393 785 2458 etiam
817 2395 1037 2459 innocentiam
1068 2391 1294 2458 demonstrare
1317 2388 1432 2466 velint)

138 2500 291 2586 princeps
313 2497 483 2586 respondit
515 2499 663 2584 sequenti
684 2499 790 2581 modo,
821 2497 907 2586 quod
936 2518 1055 2585 nempe
1086 2495 1219 2562 necilli
1252 2514 1362 2580 neque
1386 2489 1430 2556 ab

140 2604 257 2689 legatis
279 2602 321 2668 ad
350 2601 511 2692 judicium
547 2602 710 2690 quoddam
739 2603 794 2670 vel
819 2624 1007 2690 processum
1036 2599 1281 2680 instituendum,
1319 2619 1340 2662 a
1362 2615 1434 2681 rege

139 2708 326 2774 mandatum
359 2707 461 2773 ullum
484 2706 594 2773 datum
624 2709 675 2791 sit,
713 2729 775 2772 nec
798 2706 840 2772 ad
863 2706 1061 2773 audiendum
1084 2706 1209 2792 aliquid
1232 2705 1311 2789 tale,
1352 2701 1455 2793 quod-

138 2813 193 2879 illi
208 2821 331 2901 petunt,
366 2811 423 2878 sed
443 2822 481 2878 ut
502 2813 606 2879 solum
627 2812 793 2901 quaelibet
815 2833 891 2900 pars
914 2812 1177 2879 informationem
1211 2833 1307 2879 suam
1329 2810 1433 2899 depo·

86 2971 88 2976 .
140 2927 206 2998 nat,
229 2917 367 3010 ideoque
389 2917 465 2984 huic
485 2918 585 3006 petito
606 2916 738 2984 illorum
761 2916 913 2983 satisfieri
933 2939 999 2982 non
1021 2937 1127 3004 posse.
1240 2956 1243 2963 ·

680 3107 828 3176 onnus
850 3109 902 3175 34.
981 3064 983 3069 ’

142 3220 205 3287 Ubi
240 3220 405 3283 referuntur
437 3239 582 3300 responsa
614 3220 738 3302 propria
758 3218 887 3280 «Ioannis
910 3217 1048 3288 Hlawse,
1087 3223 1117 3274 et
1139 3209 1259 3275 Nicolai
1293 3213 1435 3289 Soborff3

416 3308 489 3368 item
511 3308 710 3387 Progensium
732 3327 832 3368 coram
854 3303 990 3385 principe
1011 3303 1139 3383 prolata.

227 3462 404 3548 Postquam
439 3481 516 3548 ergo
551 3459 754 3544 incarcerati,
792 3481 867 3524 cum
899 3456 1027 3523 Joanne
1068 3454 1204 3521 Hlawsa
1237 3462 1269 3520 et
1301 3455 1434 3522 Nicolao

146 3565 283 3651 Scborff,
307 3565 393 3654 quod
413 3567 607 3655 petiverunt,
631 3562 777 3631 obtinere
798 3585 863 3629 uon
886 3561 1077 3650 potuissent,
1100 3556 1344 3647 responderunt
1370 3561 1433 3626 siu·

143 3671 211 3761 guli
234 3672 368 3737 seorsim
391 3678 503 3737 contra
532 3669 791 3735 informationem
823 3679 855 3732 et
888 3667 1127 3732 accusationem
1149 3664 1378 3749 Pragensium,
1406 3671 1435 3728 et

144 3776 273 3866 quidem
296 3776 401 3864 primo
423 3775 567 3841 loannes
590 3773 725 3839 Hlawsa
746 3775 871 3839 ratione
894 3771 1071 3853 literarum,
1109 3768 1151 3835 de
1174 3768 1292 3857 quibus
1322 3768 1434 3834 menti·

143 3900 238 3947 onem
269 3880 348 3947 fecit
368 3879 504 3961 Passek,
545 3878 632 3967 quod
655 3901 675 3946 a
696 3900 775 3965 rege
809 3878 851 3944 ad
873 3875 1115 3943 consistoriales
1149 3876 1269 3939 missae
1300 3873 1430 3953 fuerim,

143 3985 198 4071 qui
220 4007 276 4051 eos
297 3984 340 4050 ad
363 3993 510 4051 senatum
532 3984 798 4065 transmittentes,
822 3981 953 4051 tandem
976 3982 1026 4048 illi
1042 3980 1183 4046 Hlewsa
1205 3977 1346 4044 traditae
1369 3979 1432 4043 sint

144 4098 214 4173 etc,
239 4090 294 4177 qui
317 4088 437 4165 edixit:
476 4087 561 4174 quod
583 4088 625 4154 ad
648 4097 796 4154 senatum
818 4111 883 4154 non
905 4087 1124 4176 pervenerint,
1165 4104 1265 4151 suam.
1279 4082 1433 4150 innocen·

141 4196 220 4260 tiam
242 4196 439 4262 sufficienter
460 4192 696 4277 demonstrans,
727 4205 760 4259 et
782 4193 870 4282 quod
891 4217 1019 4282 semper
1041 4200 1147 4273 antea,
1171 4189 1269 4269 ,sicut
1290 4188 1433 4254 nuncin

143 4298 249 4366 officio
272 4298 372 4365 aulae·
382 4297 506 4388 judicis
529 4321 565 4364 se
587 4321 665 4387 erga
686 4299 824 4386 Regiam
846 4299 1062 4389 Majestatem,
1100 4292 1263 4362 uefidelis
1287 4292 1433 4360 subditus

143 4403 229 4471 Suae
250 4404 431 4493 Majestatis
454 4388 615 4488 gesserit.¹

228 4511 375 4578 Tandem
396 4511 546 4579 Nicoleus
568 4511 699 4578 Soborff
728 4510 841 4588 edixit,
879 4532 915 4575 se
937 4527 1107 4595 nunqnam
1136 4501 1254 4569 talibus
1287 4500 1383 4567 malis
1405 4505 1434 4566 et

57 4658 60 4666 ·
144 4617 308 4684 erroribus
330 4618 504 4685 obnoxium
542 4626 704 4706 repertum
725 4615 837 4699 fuisse,
875 4615 974 4680 etita
997 4634 1032 4678 se
1054 4611 1094 4678 ab
1117 4607 1266 4679 omnibus
1295 4625 1433 4696 purgare

142 4735 279 4795 conatum
298 4725 370 4805 fuit,
392 4724 433 4792 de
458 4721 586 4792 Paasek
607 4722 738 4809 dieens3
775 4718 862 4810 quod
884 4717 1055 4786 consilium
1077 4714 1118 4783 de
1141 4711 1309 4781 sacmdote
1332 4711 1433 4778 Mirui
