2948 5040
410 164 413 173 .

128 148 195 223 fid
291 198 297 213 ι

191 240 197 251 Ι

662 318 810 395 OAPU'l'
832 322 883 392 13.

124 452 187 519 eti
218 452 395 518 describitur
422 453 488 514 vita
516 454 653 533 magistri
676 455 804 515 Joannis
828 455 1010 536 Rokycaani,
1033 455 1086 532 qui
1102 455 1280 536 prohonore
1302 462 1422 518 etvana

204 541 294 601 laude
312 541 402 618 bujus
423 541 529 602 mnndi
550 543 695 621 impostor
715 542 821 619 luerat,
845 537 980 605 Onobara
1001 543 1114 622 pariter
1129 542 1167 623 ,is
1187 543 1257 607 lecit
1279 550 1337 606 etc.

186 696 191 705 ·
212 665 296 735 Cum
306 686 384 732 voro
396 667 594 735 mentionem
615 665 748 733 fecerim
771 668 917 754 magistri
939 669 1076 736 Joannis
1095 668 1296 759 Rokycaani,
1313 667 1422 736 dirae·

126 773 206 840 toris
225 764 386 858 quondam
410 769 490 839 cleri
511 770 681 838 Bohemici
703 779 737 838 et
756 770 915 840 Moraviei
938 772 998 839 sub
1019 781 1155 863 utraque
1177 772 1418 863 specie,malae

127 885 161 944 et
180 875 335 962 indignae
357 875 542 960 memmiae,
564 877 720 965 proposui
741 875 838 943 latius
860 878 1039 945 autiusius
1061 877 1218 963 indicare,
1249 886 1286 944 nt
1318 879 1420 945 etiam
1449 893 1452 901 ·

126 980 194 1057 hoo
225 988 337 1055 notum
369 980 411 1047 sit
449 997 508 1068 pro
530 980 645 1047 futuris
667 980 879 1070 temporibus,
902 982 1007 1070 qualis
1040 981 1245 1051 christianus·
1264 981 1368 1051 merit
1389 990 1421 1048 et

127 1107 210 1176 quae
232 1084 415 1171 causaverit
435 1082 469 1149 in
491 1106 593 1171 regno
615 1084 801 1175 Bohemiae,
835 1108 877 1152 an
899 1086 1033 1154 authore
1057 1087 1173 1176 spiritu
1207 1094 1330 1170 sancto,
1368 1095 1423 1153 aut

128 1195 243 1284 spiritu
264 1190 493 1286 prophetarum
504 1188 630 1256 Achab.
659 1189 698 1257 In
721 1191 849 1279 scriptis
873 1193 959 1257 enim
980 1193 1152 1276 invenitur,
1175 1212 1259 1278 qnae
1280 1190 1421 1258 inlibris

128 1296 300 1388 cujusdam
320 1294 444 1361 domini
477 1293 663 1361 Wenoeslai
696 1294 926 1384 Walebowsky
950 1295 1028 1363 dicti
1058 1296 1153 1385 (quos
1175 1297 1231 1364 ille
1252 1298 1418 1386 conscrip-

129 1403 172 1469 sit
202 1400 348 1488 tempore
380 1396 468 1485 regis
502 1396 636 1485 Georgii
653 1405 693 1465 ut
715 1397 972 1466 subcamerarius
996 1402 1163 1467 civitatum
1184 1402 1351 1489 regiarum
1386 1403 1420 1467 in

83 1586 93 1605 x
127 1504 298 1594 Bohemia)
322 1504 542 1570 eontinentur:
564 1501 738 1593 quodpost
759 1506 995 1591 mortemregis
1018 1506 1205 1574 Weneeslai
1227 1528 1342 1573 sacrae
1355 1527 1420 1576 me

128 1611 258 1692 moriae,
282 1607 360 1674 dum
380 1607 518 1676 Bohemi
539 1629 618 1694 rege
640 1607 828 1693 caruissent,
851 1617 884 1674 et
905 1608 1132 1695 Sigismundus
1155 1611 1333 1700 imperator
1357 1611 1420 1678 fra·

129 1724 179 1783 ter
216 1712 362 1802 ejusdem
395 1711 590 1796 Wenceslai,
623 1733 684 1777 rex
718 1712 752 1777 in
774 1711 944 1800 Hungaria
965 1712 1088 1799 fuisset,
1124 1716 1179 1782 bie
1201 1725 1338 1783 conatus
1363 1716 1423 1783 fuit

129 1823 320 1905 allaborare,
342 1828 378 1886 ut
398 1840 535 1906 regnum
556 1816 734 1883 Bohemiae
773 1825 815 1881 ut
835 1818 1002 1904 proximus
1026 1819 1203 1885 secundum
1223 1821 1420 1906 ·sanguinem

129 1930 244 1997 haeres
262 1914 422 2014 'acquirat
447 1921 506 1988 sub
530 1923 622 2010 cujus
644 1919 803 2008 regimine
825 1918 912 1987 bella
932 1921 1068 2008 grandia
1088 1923 1426 1990 inBohemiaexorta

128 2035 267 2117 fuerunt,
290 2040 465 2118 antequam
486 2049 507 2092 a
528 2025 682 2092 Bohemis
705 2033 874 2113 susceptus
896 2025 1011 2091 fuisset
1044 2029 1079 2093 in
1101 2026 1269 2094 dominum
1303 2037 1339 2094 et
1372 2049 1419 2094 re·

130 2161 212 2228 gem.
240 2114 325 2203 ⁸Arx
345 2129 619 2222 wysehradensis
641 2137 774 2217 propter
795 2129 888 2196 illum
924 2129 1090 2198 destructa
1112 2131 1180 2217 fuit,
1202 2132 1422 2223 Rokycaabus

129 2266 208 2314 vero
241 2263 315 2308 cum
354 2236 523 2304 sacerdote
544 2234 684 2299 Martino
717 2233 831 2322 Lupab
855 2236 1059 2302 concitarunt
1092 2247 1204 2304 contra
1224 2238 1330 2306 illum
1353 2241 1424 2331 ple·

129 2348 206 2426 bem
227 2346 262 2412 in
283 2343 438 2410 universo
459 2360 561 2426 regno
583 2360 643 2426 per
664 2337 832 2422 ecclesias,
854 2348 890 2405 ut
913 2340 1053 2407 eundem
1077 2345 1113 2410 in
1135 2343 1304 2411 dominum
1330 2368 1422 2414 suum

129 2476 196 2530 non
228 2456 403 2532 assumant,
426 2445 526 2513 variis
549 2440 785 2530 contemptibus
823 2466 898 2510 cum
920 2446 993 2512 aliis
1028 2442 1164 2516 clericis¹
1189 2448 1282 2516 illum
1304 2451 1419 2534 affecit,

129 2558 308 2630 Romanam
332 2552 441 2620 sedem
464 2572 537 2615 cum
560 2545 753 2636 sequacibus
774 2548 884 2615 delere
906 2551 1019 2617 voluit.
1052 2553 1132 2620 Post
1154 2554 1320 2644 quoddam
1345 2567 1419 2624 tem·

128 2663 217 2754 poris
255 2659 394 2748 spatium
426 2654 561 2723 eontulit
593 2678 628 2722 se
658 2677 732 2721 cnm
753 2655 867 2743 Inpab
889 2677 933 2721 ex
954 2656 1113 2724 Bohemin
1149 2661 1185 2725 in
1206 2642 1332 2745 Rasna,
1357 2661 1420 2729 illis

128 2787 325 2857 proponens,
359 2764 387 2828 si
408 2760 569 2829 voluerint
591 2783 626 2826 se
660 2762 791 2847 (nempe
812 2760 1062 2849 Rokyenanum)
1087 2762 1129 2829 ad
1164 2765 1424 2863 archiepiscopa-

130 2870 367 2963 tum'adjuvare
386 2876 418 2934 et
427 2867 608 2954 Lupacium
618 2864 659 2932 ad
670 2867 900 2954 episcopatum,
913 2868 1068 2954 promisit,
1083 2868 1168 2957 quod
1182 2869 1261 2935 velit
1272 2879 1426 2958 utrosque

132 2977 341 3045 scholasticos
366 2997 485 3056 eorum,
508 2994 625 3061 nempe
651 2971 710 3038 sub
736 2995 801 3039 una
824 2982 856 3039 et
879 2973 938 3039 sub
960 2983 1097 3063 utraque
1121 2976 1240 3062 specie,
1262 2976 1297 3041 in
1318 2992 1426 3059 jsacer

132 3083 224 3150 dotes
247 3081 407 3147 ordinare.
441 3078 495 3144 Illi
516 3099 595 3144 vero
618 3079 844 3164 promiserunt,
868 3079 955 3167 quod
977 3079 1117 3146 eumad
1149 3102 1287 3167 regnum
1321 3081 1426 3148 Bohe-

131 3188 216 3256 miae
238 3186 394 3274 adjuvare
430 3182 553 3268 velint3
587 3203 647 3248 rex
669 3204 748 3248 vero
782 3183 968 3271 intelligens
991 3184 1153 3250 fatuitates
1176 3207 1299 3270 eorum,
1335 3186 1427 3271 dixit,

133 3314 168 3360 se
201 3291 286 3359 velle
319 3274 355 3355 id
375 3289 495 3354 facere.
552 3284 699 3350 Tandem
730 3286 947 3376 Rokycnanus
978 3311 1052 3355 eum
1087 3289 1173 3355 clero
1204 3311 1261 3355 suo
1297 3289 1429 3358 domum

131 3396 271 3479 rediens,
294 3395 419 3461 reversi
435 3402 509 3458 sunt
529 3395 564 3459 in
575 3391 673 3458 aliam
684 3401 809 3481 partem
830 3395 908 3459 etin
920 3394 1130 3461 concionibus
1144 3393 1282 3461 eundem
1299 3416 1430 3463 'summe

133 3500 350 3584 dilaudarnnt,
374 3498 538 3564 dicentes:
562 3497 649 3588 quod
673 3499 701 3563 si
721 3498 813 3563 illum
835 3499 870 3563 in
893 3497 1060 3564 dominum
1083 3507 1114 3564 et
1135 3521 1247 3588 regem
1279 3523 1429 3591 suseepe

133 3609 225 3691 ritis,
248 3605 418 3672 vobiscum
441 3601 591 3668 omnibus
612 3624 679 3668 non
701 3610 737 3668 ut
758 3625 819 3668 rex
841 3611 873 3667 et
909 3602 1059 3670 dominus
1081 3612 1199 3689 vester,
1233 3606 1292 3670 sed
1310 3615 1349 3672 ut
1378 3629 1431 3695 pa·

131 3720 182 3778 ter
203 3733 278 3776 oum
298 3709 374 3774 filiis
395 3715 471 3794 aget
504 3715 537 3770 et
558 3706 730 3794 procedet3
755 3716 788 3772 et
810 3707 971 3791 dixemnt,
996 3708 1082 3796 quod
1117 3709 1288 3797 benignus,
1320 3712 1430 3799 justus

134 3823 166 3882 et
188 3813 336 3880 amabilis
369 3814 411 3878 sit
443 3811 602 3895 dominus,
626 3819 793 3878 eteorum
815 3812 937 3877 clamor
967 3822 999 3877 et
1020 3815 1187 3901 persuasio
1209 3815 1244 3879 in
1276 3814 1430 3883 eeclesiis

133 3929 259 3987 tantum
292 3917 408 4000 effecit,
443 3915 529 4004 quod
562 3915 700 3982 Bohemi
721 3916 764 3982 ad
792 3916 884 3982 illum
918 3919 1066 3983 conversi
1106 3919 1170 3983 sint
1204 3928 1238 3983 et
1270 3917 1366 3985 illum
1398 3921 1431 3987 in

135 4025 301 4092 dominum
335 4044 427 4087 suum
461 4042 573 4108 regem
618 4022 827 4109 susceperint.
872 4022 960 4087 Dum
994 4045 1072 4109 ergo
1101 4025 1172 4111 jam
1212 4025 1432 4113 potenterein

133 4153 235 4216 regno
257 4126 434 4194 Bohemiae
457 4135 627 4193 coronatus
660 4149 695 4191 se
718 4112 920 4192 exbibuisset
943 4135 975 4193 et
986 4126 1123 4213 grandia
1140 4127 1229 4193 bella
1251 4137 1284 4192 et
1308 4128 1431 4196 dissen-

135 4240 242 4305 siones
282 4236 436 4303 Bohemis
477 4256 551 4301 oum
591 4232 895 4323 circumjacentibus
930 4231 1080 4319 gentibus
1127 4241 1239 4298 exorta
1284 4231 1431 4316 fuissent,

133 4344 231 4434 paulo
264 4352 339 4432 post
360 4342 550 4428 magistrum
571 4340 732 4408 Joannem
754 4339 837 4420 Hus,
873 4360 976 4424 usque
1011 4335 1054 4402 ad
1090 4335 1171 4402 haee
1203 4345 1354 4424 tempora
1391 4336 1430 4404 ob

135 4448 245 4533 fidem,
282 4471 378 4537 quam
416 4446 554 4517 Bohemi
586 4457 619 4510 et
639 4444 765 4511 Moravi
801 4450 1022 4530 susceperunt,
1055 4449 1187 4529 propter
1210 4442 1427 4528 sumptionem

136 4555 330 4622 sacramenti
364 4551 423 4619 sub
445 4560 581 4638 utraque
598 4550 732 4639 specie:
755 4548 829 4614 ideo
842 4548 948 4612 'etiam
978 4555 1124 4633 tempore
1159 4544 1298 4610 loannis
1329 4528 1432 4611 Zirko

137 4660 368 4727 destruxerunt
389 4657 506 4723 multas
528 4677 631 4739 arces,
655 4663 769 4731 castra,
794 4651 949 4718 ecelesias
970 4651 1134 4717 Romanas
1167 4671 1207 4716 ac
1228 4650 1432 4733 monasteria,

123 4761 247 4828 batres
271 4761 490 4831 Taborienses
511 4761 615 4831 ferme
636 4758 757 4847 ubique
778 4778 837 4846 per
857 4778 993 4845 regnum
1015 4754 1192 4824 Bohemiae
1214 4762 1248 4821 et
1269 4753 1425 4822 marchio·
