2948 5040
1167 118 1169 125 ’
1282 150 1344 223 ιιι

41 325 187 394 robusti
204 325 341 413 Domini
363 326 398 395 hi
419 347 508 395 oum
505 325 586 392 aliis
603 325 789 414 compositi,
821 332 855 393 ιι
882 320 1163 395 concordesfa'otr
1152 325 1280 408 sunt,
1314 331 1346 391 st
1383 355 1386 361 ·

60 455 106 499 ex
130 431 268 519 quadam
286 432 382 517 parte
403 431 541 498 Bohemi
571 431 712 509 inaniter
746 440 779 497 et
799 451 884 498 vana
905 409 1124 513 excesserunt,
1159 427 1292 517 quod
1266 430 1347 497 msui

37 537 170 604 'simile
192 542 337 624 apparet,
371 535 448 601 dum
470 535 606 600 Bohemi
627 533 854 617 allaborarent,
893 541 925 598 at
945 542 1139 620 praegressa
1158 533 1348 623 marantius

60 643 96 706 in
119 663 154 705 se
176 639 382 724 attraherent,
407 639 537 705 solliciti
559 639 600 706 de
621 639 866 709 confirmatione
888 646 1169 724 compactatorum,
1191 639 1227 705 ut
1245 638 1347 706 vicini
1374 704 1378 715 ,

60 744 174 832 pepuli
196 751 332 833 eos'pro
354 745 442 812 veris
464 743 660 827 christianis,
690 753 732 823 ,et
762 742 920 822 ecelesias
948 742 1023 811 filiis
1045 741 1234 828 divulgam5
1268 765 1347 809 nam

18 906 23 915 .
53 849 104 914 Ιιιι
126 848 178 914 his
196 850 268 936 jam
289 871 310 913 a
329 849 402 914 Deo
424 871 501 936 pax,
536 857 568 914 ιι
589 848 763 936 tranquilla
786 836 1005 937 quies'posita
1036 856 1086 913 est
1107 854 1145 913 et·
1160 847 1347 931 constituta,

64 962 194 1042 praeter
217 976 296 1042 quas
318 954 536 1020 necessarium
557 961 705 1036 nonest,
739 963 776 1020 ut
796 954 862 1021 alia
884 946 1072 1040 compositio
1095 960 1127 1018 et
1148 952 1225 1019 unio
1242 944 1347 1038 magis
1403 988 1408 1009 ι

61 1074 200 1123 erronea
222 1066 255 1123 et
274 1058 360 1124 falsa
381 1079 477 1145 quam
500 1057 676 1124 christiana
694 1066 876 1144 quaeratur.
919 1046 1077 1145 Princeps
1097 1064 1214 1132 tamen,
1245 1055 1346 1122 domi·

61 1185 124 1248 nus
146 1162 235 1244 Lem,
259 1183 332 1227 cum
356 1162 551 1250 quibusdam
574 1164 641 1228 suis
664 1185 729 1229 non
751 1170 957 1230 recesserunt
977 1161 1180 1236 asententia
1200 1159 1235 1229 S.
1249 1159 1346 1229 Pauli

62 1269 98 1334 in
121 1267 259 1333 comitiis
280 1276 419 1354 recepta.
463 1266 529 1333 Sed
551 1267 723 1356 quasdam·
741 1268 851 1333 literas
873 1266 1114 1335 adminisbator
1135 1273 1169 1337 et
1190 1264 1343 1337 consumi

58 1375 146 1449 rium
166 1371 208 1439 ad
232 1371 372 1460 legatum
394 1370 556 1462 papalem·
572 1373 614 1440 de
634 1372 686 1441 his
719 1380 986 1464 composuerunt,
1005 1380 1043 1439 ἰι
1074 1369 1343 1467 subscripserunt
1418 1428 1421 1437 .

182 1652 190 1671 Ι
610 1538 755 1643 sorum
777 1564 807 1630 a.
857 1546 869 1649 ᾗ

58 1700 120 1763 Ubi
143 1672 320 1774 insinuatur,
343 1699 489 1774 quomodo
504 1697 629 1763 Bohemi
640 1701 761 1777 solliciti
780 1690 956 1775 luerintput
971 1696 1158 1780 compactata
1170 1703 1344 1762 confirma·
1381 1698 1386 1706 “

58 1786 120 1861 ¹tur;
143 1808 211 1849 cum
226 1793 324 1846 autem
338 1788 454 1864 legatus
466 1786 518 1846 ille
530 1793 644 1855 astutus
660 1786 757 1862 fuerit,
779 1789 930 1847 othonum
952 1804 1037 1848 suum
1060 1789 1254 1863 quaesiverit,
1276 1788 1345 1850 ideo
1376 1784 1379 1791 ’

59 1877 137 1937 nihil
151 1873 328 1946 'effecerunt
361 1874 422 1933 nisi
443 1894 499 1951 pro
520 1873 618 1937 futuro
638 1882 706 1952 post
728 1895 760 1934 se
781 1875 875 1955 risum
896 1875 1087 1951 reliquerunt.
1134 1877 1213 1937 Item
1241 1876 1345 1938 literas
1384 1906 1392 1943 ι

88 1988 91 1994 -
487 1972 511 2019 a·
528 1960 704 2022 consistorio
725 1963 764 2021 ad
786 1963 926 2041 legatum.

145 2130 224 2195 Fuit
245 2137 323 2195 tunc
344 2128 470 2215 legatus
492 2128 615 2213 Budas,
639 2128 815 2195 aRomana
837 2128 914 2194 sede
934 2131 1062 2215 missus,
1085 2132 1140 2219 qui
1152 2124 1283 2197 'ibidem
1304 2131 1349 2211 ab
1395 2121 1398 2126 ’

57 2257 144 2302 anno
161 2233 372 2325 praecedenti
393 2234 633 2321 perseverabat,
656 2257 699 2300 ex
720 2237 854 2315 ratione,
877 2250 951 2302 cum
960 2226 1160 2324 ubiqus'fere
1173 2257 1232 2323 per
1244 2242 1345 2301 totum

60 2332 212 2419 mundum
234 2338 373 2428 populus
396 2347 471 2406 cont
471 2362 507 2406 ra
539 2362 658 2431 papam
691 2340 951 2425 tumultuaretur,
983 2350 1015 2407 at
1036 2340 1132 2409 simul
1165 2348 1277 2407 contra
1298 2340 1346 2406 ni·
1361 2362 1364 2367 ·

56 2445 140 2521 miss
159 2442 415 2510 inordinationes
449 2453 585 2513 sanctae
600 2446 765 2514 Romanae
797 2437 974 2549 ecclesiae,
997 2453 1064 2543 tam
1086 2445 1127 2529 ob
1149 2467 1202 2512 res
1224 2454 1345 2533 tempo

54 2550 153 2634 rales,
176 2571 272 2638 quam
296 2548 488 2637 spirituales.
531 2548 709 2618 Admonuit
729 2550 784 2617 ille
807 2550 933 2637 legatus
957 2534 1086 2640 saepius
1108 2573 1216 2638 regam
1238 2551 1346 2619 Ludo·
1373 2561 1377 2570 '
1417 2625 1421 2631 ,
1468 2612 1472 2621 .

26 2655 176 2739 sicum,
211 2662 249 2719 ut
270 2653 384 2720 saltem
405 2676 541 2741 regnum
575 2678 667 2722 suum
689 2657 724 2721 in
746 2654 932 2722 obedientia
968 2656 1129 2742 pontificis
1163 2665 1357 2742 conservet·

53 2770 88 2828 ιι
109 2759 302 2848 praesertim
323 2758 527 2825 Bohemes
511 2783 552 2826 m
572 2762 696 2826 unitata
717 2759 795 2826 fidei
817 2770 848 2826 et
871 2758 1028 2828 ecclesiae
1061 2764 1252 2851 permahere
1281 2770 1345 2828 stu·

54 2864 142 2943 dest,
163 2864 284 2930 abinde
308 2863 464 2952 quasdam
478 2863 587 2930 literas
608 2866 642 2930 in
654 2865 844 2930 Bohemiar'n
865 2865 963 2948 misit,
985 2864 1173 2948 admonens,
1194 2875 1232 2931 ut
1244 2888 1345 2958 penes
1457 2861 1460 2866 ’

34 2968 169 3065 ‘sedem
190 2969 368 3035 Romanam
389 2968 843 3057 immobiliterpersererant,
866 2970 1056 3058 promittens
1090 2970 1175 3055 quod
1196 2991 1344 3059 compac·
1417 3032 1421 3040 .

53 3083 123 3140 tata
145 3073 192 3139 eis
215 3073 406 3139 confirmare
427 3073 525 3158 velit·;
560 3073 619 3139 sed
640 3073 777 3140 Bohemi
798 3097 864 3141 non
886 3090 1008 3159 omnes,
1032 3075 1089 3140 sed
1112 3075 1215 3142 solum
1236 3074 1281 3158 hi,
1304 3075 1348 3141 de

53 3179 173 3269 quibus
196 3187 291 3245 antea
313 3178 433 3244 dictum
455 3179 525 3263 fuit,
558 3189 772 3266 agnoscentes
805 3179 891 3269 quod
921 3203 1025 3269 papae
1048 3179 1122 3246 cum
1143 3180 1346 3248 adhaerenti-

52 3285 116 3351 bus
139 3283 224 3350 bene
247 3283 407 3367 succedat,
432 3292 465 3350 et
486 3284 572 3372 quod
594 3286 738 3373 arripere
760 3294 920 3374 poterunt,
945 3308 1028 3375 quac
1049 3285 1161 3352 velint.
1206 3285 1344 3374 Saepius
1409 3296 1416 3310 ‘

55 3393 145 3456 enim
166 3389 327 3472 dicebant,
363 3388 450 3477 quod
472 3411 554 3476 quae
584 3390 851 3477 praedecessores
874 3391 1039 3458 laboribus
1061 3393 1199 3481 magnis,
1233 3399 1265 3457 et
1287 3390 1345 3456 im·

53 3496 165 3584 pensis
187 3496 354 3580 acquirere
376 3516 440 3559 non
462 3501 643 3579 potuerunt,
667 3494 753 3581 quod
774 3517 833 3560 nos
857 3492 927 3561 sine
940 3495 1211 3584 impensisfacile
1233 3500 1341 3584 acqui-

52 3622 180 3685 remus;
213 3599 352 3686 ideoque
393 3597 595 3685 diligentiam
615 3601 771 3687 majorem
794 3600 1019 3685 adhibuerunt,
1042 3600 1085 3667 ad
1107 3599 1343 3690 assequendum

53 3728 137 3792 opus
173 3702 424 3770 confirmationis
459 3726 518 3792 per
550 3704 815 3788 violentiam,et
802 3705 923 3772 talias
954 3705 1071 3772 multas
1101 3709 1233 3773 astutias
1254 3713 1343 3773 antc-

53 3809 170 3892 dictas,
194 3831 256 3896 quo
279 3809 435 3895 majorem
458 3809 701 3909 inclinationem
724 3819 756 3876 st
777 3811 923 3877 favorem
945 3811 986 3878 ab
1009 3812 1065 3878 illo
1087 3811 1210 3922 legato
1215 3820 1247 3878 et
1256 3834 1345 3901 papa
1412 3803 1416 3812 ’

51 3936 132 3999 erga
154 3935 189 3978 se
211 3911 331 3977 habere
359 3913 557 4000 ujdicarunt,
594 3903 649 4002 qui
670 3924 790 3992 tamen,
825 3925 922 4003 prout
953 3925 1075 3984 natura
1102 3914 1210 4005 huj
1160 3938 1199 3983 us
1232 3925 1343 3984 coetus

29 4101 32 4106 .
53 4028 112 4100 est
147 4040 276 4107 semper
299 4019 466 4083 avaritiam
488 4020 662 4084 immanem
684 4015 842 4098 intendit3
865 4023 969 4109 magis
992 4024 1078 4092 enim
1107 4021 1343 4097 admonitiones

50 4124 193 4210 haspro
218 4123 376 4188 solutione
399 4131 431 4188 ιι
452 4124 611 4208 mercede,
636 4146 734 4212 quam
756 4124 797 4191 ob
821 4127 957 4212 gratiam
981 4127 1190 4195 christianam
1212 4131 1288 4220 egit.

138 4225 237 4294 Curia
258 4227 403 4292 Romana
424 4250 488 4293 non
512 4230 754 4315 quaeritarem
777 4232 846 4297 sine
869 4231 952 4298 lana.

140 4333 305 4400 Dentibus
328 4335 506 4423 applaudit,
528 4359 594 4402 nou
617 4336 768 4402 dantibus
791 4336 896 4411 hostia
918 4337 1050 4404 claudit.

40 4466 45 4478 ·
139 4439 230 4505 Sicut
252 4448 285 4504 et
306 4439 367 4504 hoc
389 4439 486 4527 paulo
509 4449 583 4527 post
605 4440 879 4508 demonstrabitur
891 4464 904 4528 3·
933 4443 1042 4531 itaque
1065 4442 1184 4509 deinde
1203 4442 1341 4510 Bohemi

49 4545 95 4629 hi,
120 4545 176 4631 qui
196 4544 293 4609 talem
316 4544 467 4609 unionem
489 4543 763 4629 desideraverunt,
794 4546 979 4614 omnimodo
1001 4548 1043 4613 ad
1066 4547 1150 4614 hanc
1172 4532 1339 4637 acquiren·
1381 4550 1387 4557 ’

50 4649 128 4714 dam
151 4648 301 4714 omnibus
331 4648 455 4716 viribus
492 4650 753 4717 allaboraverunt
773 4651 808 4716 in
831 4651 1046 4739 perditionem
1076 4652 1211 4723 aliorum
1233 4655 1268 4718 in
1289 4675 1339 4718 re·

49 4755 149 4844 gione
170 4753 310 4843 propria,
343 4763 379 4822 ut
400 4755 690 4844 quomodocunque
711 4756 831 4824 intrare
861 4756 989 4845 possint
1018 4755 1087 4824 hoc
1102 4756 1361 4843 babqhomsum
