2948 5040
13 325 126 392 ¹alios
163 323 197 388 in
217 318 307 389 vitiis
330 326 362 385 ct
383 315 545 383 erroribus
581 315 650 384 suis
669 313 886 384 defendimus.
911 311 1092 380 Decretum
1120 309 1209 379 eninr
1230 314 1343 375 centn

42 429 107 495 bos
131 435 164 492 et
184 424 268 493 alios
290 420 465 503 edidimus,
504 428 536 486 ct
551 421 651 508 juxte
671 418 752 503 illud
775 440 835 487 nce
856 416 1046 501 direximus,
1075 423 1109 485 ct
1129 411 1342 505 quandocun-

42 555 106 623 que
141 530 260 618 uliquis
295 548 406 593 eorum
438 526 531 612 inre
554 525 693 612 quedam
717 523 840 590 edncs
863 521 988 589 dolatus
1010 521 1080 606 fnit,
1110 519 1218 623 statim
1250 517 1342 585 illum

40 645 97 703 snt
120 633 261 700 subinde
283 652 396 698 omnes
433 630 527 697 citari
553 629 723 718 jussimus,
756 634 974 717 proponentes
1009 625 1086 709 illis,
1119 646 1202 714 quac
1230 631 1343 692 conns
1434 666 1437 673 -

37 762 95 808 eos
116 739 301 827 loquantur,
324 734 410 823 quod
433 755 585 801 erroneas
608 742 641 801 et
660 733 794 800 vitiosas
818 732 992 799 conciones
1023 729 1155 815 dicsnt3
1178 750 1261 818 qnae
1293 726 1343 795 ills

36 845 149 910 omnin
182 847 353 928 negarunt,
389 846 536 925 petentes
572 836 646 904 illos
668 835 833 920 advocari,
871 837 929 922 qui
949 833 1051 923 talem
1081 823 1342 901 informationem

38 950 212 1032 dederunt,
235 971 271 1014 ec
303 969 358 1014 eos
381 945 520 1013 libenter
540 945 726 1030 audituros,
765 942 852 1032 qnod
873 943 952 1009 talia
973 937 1148 1032 (dicentes)
1178 958 1344 1023 nunquam

36 1055 224 1123 concionati
255 1052 385 1128 fuerint,
419 1072 524 1136 neque
559 1048 601 1117 dc
636 1048 795 1117 similibus
827 1047 1051 1136 cogitaverint,
1081 1051 1275 1113 revocantes
1306 1062 1344 1109 se

35 1160 82 1227 ed
98 1160 283 1229 ¹universos
306 1155 480 1237 auditores,
503 1162 536 1219 et
558 1155 587 1219 si
608 1155 643 1220 in
666 1175 775 1220 errore
801 1153 941 1242 quodam
961 1158 1129 1219 versantes
1151 1148 1254 1236 agniti
1274 1145 1343 1218 fuer

36 1267 118 1347 rint,
151 1285 187 1329 se
223 1260 312 1326 omni
334 1256 551 1327 emendationi
573 1256 770 1347 subjiciant3
792 1278 957 1343 nunqnam
980 1265 1088 1323 autem
1108 1275 1161 1321 res
1184 1275 1223 1319 eo
1244 1249 1343 1319 deve·

34 1369 97 1452 nit,
145 1366 255 1432 donec'
287 1362 419 1429 tandem
465 1361 507 1427 dc
536 1361 617 1428 urbe
640 1361 865 1429 excessissent
907 1361 963 1427 Ex
1002 1360 1120 1449 quibus
1144 1377 1342 1447 cognoscere

34 1469 238 1560 dignemini,
279 1468 361 1534 haee
393 1465 495 1532 relata
523 1488 629 1531 meras
650 1465 787 1549 fabulas,
820 1475 854 1532 et
882 1489 934 1532 res
957 1467 1161 1554 excogitatas·
1192 1471 1249 1530 out
1285 1461 1341 1528 fic·
1388 1497 1390 1501 ·

33 1587 94 1644 tes
116 1596 211 1658 esse;
250 1574 348 1639 etiam
370 1572 496 1637 sincere
518 1592 628 1638 coram
648 1570 722 1637 Dec
745 1569 852 1637 dicere
891 1593 1075 1658 possumus,
1098 1569 1185 1659 quod
1214 1591 1275 1657 per
1295 1568 1343 1636 vi·

37 1691 93 1767 tae
115 1686 246 1745 nostrae
277 1686 405 1764 tempus
427 1676 510 1741 tales
545 1675 766 1763 blasphemos,
800 1685 832 1741 et
863 1676 991 1742 haeresi
1024 1675 1138 1763 plenos
1178 1694 1344 1741 sermones

38 1794 154 1852 contra
169 1783 415 1851 Sanctissimam
435 1780 639 1862 Trinitatem,
661 1780 1001 1866 Virginem-Mariam,
1034 1789 1066 1846 et
1088 1780 1343 1846 christianasac-

36 1897 193 1972 ramenta¹
209 1909 230 1952 a
252 1886 340 1952 nullo
352 1885 581 1968 audiverimus,
606 1885 690 1949 sicut
711 1885 759 1951 illi
780 1894 1026 1974 proposuerunt,
1057 1907 1164 1977 neque
1185 1885 1344 1972 nosipsi

38 2004 107 2063 met
140 2004 207 2060 tam
246 1992 444 2080 blaspheme,
480 1991 599 2057 leviter
631 1998 679 2056 et.
698 1989 862 2073 audacter,
900 1991 984 2056 sicin
1010 1989 1051 2056 dc
1084 1988 1179 2055 nobis
1220 1988 1343 2068 dicunt,

38 2119 186 2187 unquem
208 2096 307 2163 locuti
329 2096 496 2178 fuerimus,
518 2095 718 2181 peraticum
741 2097 846 2181 gratia
869 2095 993 2162 Divina
1015 2096 1142 2161 sincere
1166 2093 1344 2159 secundum

41 2205 156 2290 legem
183 2196 250 2269 Dei
272 2202 507 2290 professionem
528 2199 606 2265 fidei
627 2197 822 2286 deponendi,
857 2209 890 2265 et
921 2199 963 2265 de
991 2198 1048 2266 illa
1079 2200 1238 2264 rationem
1268 2196 1344 2263 red·

46 2305 158 2371 dendi.
179 2306 273 2375 Tales
297 2307 394 2371 etiam
410 2304 632 2392 blasphemiae
654 2313 687 2368 et
709 2326 873 2370 sermones
895 2303 987 2370 leves
1007 2303 1087 2370 nulli
1118 2325 1260 2390 unquam
1271 2309 1344 2390 p'ro·

45 2411 116 2477 bati
136 2419 169 2475 et
186 2412 290 2495 agniti
311 2410 449 2492 fuerunt,
472 2431 579 2495 neque
601 2410 762 2493 timemus,
784 2418 820 2475 ut
842 2410 963 2476 similis
979 2411 1068 2505 juste
1091 2409 1132 2474 de
1161 2407 1342 2496 nobispro-

41 2514 116 2582 bari
136 2525 282 2603 possent,
312 2535 375 2579 nec
405 2514 488 2580 tales
517 2514 707 2600 reperimur,
740 2537 847 2600 neque
878 2537 1020 2601 unquam
1052 2514 1181 2597 fuimus,
1214 2520 1251 2578 ut
1278 2521 1344 2578 tem

38 2619 206 2702 audacter,
228 2619 355 2701 leviter,
392 2617 601 2706 blaspheme,
624 2618 797 2702 haeretice,
820 2628 933 2685 contre
959 2618 1150 2685 Trinitatem
1173 2618 1345 2685 Sanctissi-

36 2747 137 2808 mam,
161 2724 272 2790 Deum
293 2745 403 2806 unum,
426 2731 539 2788 contre
560 2722 728 2810 Virginem
750 2723 897 2807 Mariam,
923 2721 1062 2790 Sanctus
1085 2735 1117 2790 et
1141 2731 1346 2811 sacramento

37 2834 257 2916 loqueremur.
303 2828 394 2894 Sciat
423 2827 519 2892 etiam
553 2825 719 2893 Serenitas
755 2820 883 2912 Vestra,
920 2827 1007 2915 quod
1043 2828 1173 2896 Gallum
1207 2827 1344 2894 admini-

38 2945 214 3001 stratorem
239 2955 312 2999 cum
334 2932 488 2998 universo
511 2931 598 3024 clero
622 2955 730 2999 coram
752 2932 846 2998 nobis
871 2935 986 3000 sistere
1006 2933 1211 3021 jusserimus,
1245 2954 1345 3017 quse·

38 3048 153 3106 rentes
176 3038 219 3103 de
240 3028 315 3114 illo,
339 3059 381 3101 an
404 3036 564 3127 quaedem
590 3037 797 3104 diversitates
819 3038 918 3105 fidem
940 3048 1087 3106 sanctem
1110 3047 1344 3117 concernentes
1414 3028 1417 3032 ¹

10 3214 12 3221 y
37 3145 129 3209 inter
150 3141 226 3207 illos
248 3142 466 3224 inveniantur,
489 3149 522 3206 et
542 3163 585 3206 an
610 3141 728 3229 aliquis
752 3163 885 3209 erronee
921 3153 954 3209 et
974 3143 1139 3223 haeretice
1173 3144 1344 3210 concione«

41 3247 126 3314 tur?
150 3246 219 3327 Qui
240 3246 423 3333 respondit,
447 3241 535 3328 quod
556 3247 642 3313 inter
664 3246 787 3313 clerum
808 3234 917 3323 nullae
941 3249 1019 3317 fidei
1046 3258 1178 3315 sanctae
1208 3247 1344 3341 diversi·

39 3361 123 3417 tates
145 3360 179 3417 et
199 3349 484 3417 dissimilitudines
511 3362 818 3441 versentnr3neque
840 3377 899 3421 nos
913 3355 1024 3422 dicere
1049 3376 1232 3444 possumus,
1256 3352 1344 3442 quod

38 3455 176 3544 aliquod
206 3477 377 3522 erroneum
411 3464 523 3521 contre
547 3456 656 3541 legem
677 3454 743 3521 Dei
765 3460 949 3526 concionati
981 3460 1110 3527 fuerint.
1157 3457 1254 3543 Quod
1283 3479 1344 3524 nos

37 3560 80 3627 ab
103 3559 173 3625 illis
194 3560 366 3626 audientes
398 3581 454 3626 eos
488 3559 650 3627 adhortati
680 3559 810 3648 luimus,
833 3572 868 3630 ut
889 3566 923 3631 in
957 3565 1122 3649 charitate,
1157 3571 1276 3631 unione
1311 3570 1344 3629 et

38 3663 216 3731 concordia
237 3674 496 3753 perseverantes,
532 3668 629 3735 etiam
661 3669 704 3735 ad
737 3669 818 3735 haec
850 3669 1006 3759 populum
1038 3669 1204 3736 inducant
1257 3667 1345 3735 Tan-

37 3769 113 3837 dem
144 3769 385 3837 adminietretcr
413 3769 536 3855 Gallus,
570 3779 715 3861 tempore
746 3775 897 3843 Primatis
929 3775 1074 3861 magistri
1095 3773 1231 3856 Pascek,
1268 3795 1344 3841 cnm
1408 3846 1411 3851 ,

39 3878 130 3944 clero
152 3878 328 3967 praecepit,
338 3887 374 3943 ut
384 3877 549 3945 decretum
571 3878 634 3946 hoc
655 3880 786 3969 publice
803 3880 926 3965 edetur,
952 3879 1038 3971 quod
1062 3878 1239 3947 secundum
1262 3875 1345 3945 illud

37 4006 72 4050 se
95 3985 187 4070 ipsos
210 3991 243 4047 et
264 3983 419 4070 populum
443 3983 584 4071 dirigere
606 3986 718 4071 velint,
731 3996 827 4075 prout
858 3990 955 4057 etiam
976 3984 1043 4051 illis
1066 3984 1261 4051 extrsditum
1272 3982 1345 4050 fnit.

37 4089 166 4154 Verum
202 4089 311 4152 statim
333 4087 574 4155 administrator
609 4091 691 4178 ipse,
713 4090 869 4169 malcrum
901 4112 1010 4158 rernm
1030 4090 1155 4174 author,
1178 4111 1253 4157 cnm
1274 4090 1344 4177 qni·

37 4193 178 4261 busdam
213 4192 286 4259 aliis
320 4192 542 4260 sacerdotibus
575 4204 688 4261 conns
721 4196 784 4262 boc
816 4195 1002 4263 universale
1035 4195 1202 4262 decretum
1249 4217 1344 4283 prees

41 4300 256 4382 dicaverunt,
295 4306 333 4363 et
360 4298 515 4386 populum
547 4301 789 4369 concitaverunt
829 4299 872 4367 ed
907 4301 1127 4390 profusionem
1171 4300 1343 4386 sanguinis

37 4405 255 4471 cohortantes.
323 4401 404 4469 Pers
434 4401 574 4471 adverse
613 4413 738 4487 antem,
771 4426 888 4493 nempe
922 4397 1007 4494 quae
1026 4429 1087 4472 nos
1118 4402 1342 4485 incarceravit,

37 4509 153 4593 noluit,
178 4516 214 4575 nt
233 4507 300 4583 illis
318 4507 565 4592 contradicatur,
589 4531 632 4575 ex
653 4531 752 4575 causa
774 4532 901 4600 nempe,
936 4520 972 4577 ut
1004 4511 1216 4583 intentionem
1248 4531 1342 4592 suern

42 4637 234 4705 perversam
256 4615 291 4683 in
314 4614 465 4707 effectum
487 4613 665 4703 perducere
685 4616 822 4704 possint
