2948 5040
134 144 202 219 000

133 321 265 410 sellem
289 322 527 413 mihique-ipse
547 321 679 410 fingam,
697 324 851 393 omittam.
893 326 991 409 Quod
1011 334 1119 417 autem
1139 329 1258 397 missas
1269 327 1427 399 Snevim

135 429 311 512 concernit,
335 429 376 495 de
398 427 700 517 quibusdicebant,
734 437 766 496 et
787 431 834 498 ita
854 432 1074 521 appellabant,
1097 433 1189 519 scito,
1214 434 1304 524 qnod
1326 458 1429 525 panes

134 533 221 600 hane
240 536 375 600 missam
397 532 480 599 nihil
501 532 589 598 aliud
612 541 721 600 actum
741 535 847 621 firerit,
878 539 993 625 quam'
1015 540 1099 605 sient
1119 540 1154 605 in
1174 548 1306 606 vetusta
1328 539 1429 607 chris·

134 639 281 706 tianitate
303 639 365 704 fuit
386 637 561 722 celebrata,
584 639 672 726 quod
694 640 848 708 sacerdos
860 641 1020 709 Martinus
1034 645 1069 708 in
1091 642 1287 711 Bethlehem
1307 668 1428 733 agnos·

134 766 212 811 0000
233 744 459 810 necessitatem
498 750 530 809 et
551 742 707 831 populum
729 767 789 832 pro
812 753 889 813 tunc
910 756 1059 835 paratum
1081 747 1123 813 ad
1138 749 1362 837 sumptionem
1378 772 1425 816 aa·

135 850 290 917 oramenti
322 847 480 936 illudque
508 856 689 936 petentem,
720 849 836 915 diebus
860 850 1045 918 Dominicis
1066 861 1214 941 tempore
1236 875 1297 920 suo
1321 855 1426 923 altare

133 954 309 1022 accesserit
330 951 463 1018 indutus
486 953 575 1017 omni
596 953 791 1020 sacerdotali
813 963 970 1043 apparatu
993 958 1063 1020 sine
1086 957 1174 1023 omni
1195 958 1296 1024 latino
1320 968 1427 1045 cunm,

134 1062 204 1126 sine
227 1059 394 1142 confiteor,
417 1057 563 1123 collectis
585 1066 619 1123 et
639 1056 713 1123 aliis
728 1057 826 1125 rebus
854 1063 1017 1127 consuetis
1041 1070 1074 1127 et
1094 1063 1129 1128 in
1152 1065 1316 1151 scriptura
1337 1086 1427 1131 sacra

133 1186 198 1229 non
232 1161 375 1229 fundatis
399 1169 432 1227 et
464 1163 639 1251 inceperit:
676 1163 783 1250 primo
816 1164 1074 1231 exhortationem
1096 1165 1139 1231 ad
1159 1160 1321 1254 populum
1353 1168 1429 1235 fecit

132 1267 219 1333 circa
249 1266 351 1332 altare
383 1266 565 1331 flectentem
604 1276 636 1333 et
669 1270 928 1334 communionem
946 1278 1215 1358 exspectantem,
1247 1271 1346 1337 illum
1375 1273 1427 1339 adss

131 1394 277 1457 monens,
309 1380 345 1436 ut
378 1372 567 1437 recordetur
597 1395 633 1437 se
665 1373 763 1438 modo
789 1383 990 1460 sumpturum
1018 1397 1135 1464 corpus
1164 1385 1198 1441 et
1231 1378 1427 1464 sanguinem

130 1477 211 1545 Jesu
249 1475 373 1543 christi
409 1476 469 1542 sub
503 1485 639 1566 unaque
673 1479 783 1565 specie
817 1480 852 1543 in
883 1479 1072 1545 memoriam
1109 1481 1293 1546 innocentis
1325 1484 1426 1570 passi·

132 1585 204 1649 onis
228 1590 261 1647 et
295 1584 407 1647 mortis
447 1590 479 1646 et
504 1583 646 1647 omniurn
678 1581 910 1648 beneficiorum
943 1584 1030 1670 ejus,
1065 1592 1098 1649 et
1129 1591 1165 1649 ut
1197 1583 1365 1651 fervorem
1396 1594 1428 1652 et

131 1686 388 1754 aestimationem
426 1708 499 1752 eum
522 1687 680 1772 religione
717 1686 828 1753 debita
856 1687 988 1753 eliciant
1022 1696 1054 1753 et
1093 1687 1235 1754 habeant
1267 1689 1312 1755 ad
1353 1689 1426 1778 dig-

131 1814 216 1857 nam·
245 1792 477 1879 sumptionem,
512 1792 608 1874 siout,
625 1791 764 1858 Sanetus
800 1791 921 1858 Paulus
949 1791 1127 1880 Apostolus
1181 1815 1223 1858 ex
1260 1794 1427 1863 voluntate

132 1892 254 1964 domini
277 1896 325 1961 sni
347 1895 490 1961 mandat
503 1904 535 1960 et
556 1895 710 1962 admonet
740 1895 800 1962 sub
822 1917 929 1985 paena
950 1905 1101 1961 aeternae
1135 1897 1365 1985 damnationis,
1395 1910 1426 1968 et

132 2004 205 2070 aliis
228 2000 387 2068 similibus
421 2000 579 2068 allocutus
603 2001 672 2084 fuit,
696 2024 798 2089 usque
821 2001 863 2066 ad
884 2000 993 2068 finem.
1037 2001 1184 2067 Tandem
1218 2002 1355 2090 quidam
1388 2005 1426 2071 de

130 2107 251 2197 populo
280 2107 447 2172 flectentes
469 2108 516 2194 pii
549 2107 718 2172 christiani
759 2115 871 2172 cantus
898 2107 1010 2192 lingua
1032 2106 1210 2172 Bohemioa
1232 2116 1425 2194 cantarunt;

131 2215 183 2280 his
205 2213 305 2279 finitis
322 2212 472 2277 sacerdos
494 2211 653 2276 Martinus
676 2210 853 2305 orationem
876 2214 964 2298 piam
998 2212 1105 2299 linqua
1137 2213 1308 2279 Bohemiea
1343 2213 1427 2279 clara

131 2343 222 2413 voce
235 2319 277 2385 ad
297 2319 476 2384 Dominum
498 2319 606 2382 Deum
630 2319 790 2399 recitavit,
814 2326 850 2382 ut
871 2340 990 2405 panem
1012 2317 1099 2383 huno
1129 2319 1164 2383 in
1186 2317 1339 2386 manibus
1364 2322 1427 2386 suis

132 2433 319 2493 contentum
341 2446 458 2511 eorpus
480 2446 573 2489 suurn
596 2432 752 2508 sanctum,
776 2432 810 2488 et
832 2424 944 2489 vinum
965 2423 1000 2489 in
1014 2420 1115 2488 cahos
1129 2424 1323 2509 sanguinem
1336 2448 1427 2492 suum

133 2538 280 2611 sanctum
314 2529 443 2594 efficere
473 2529 624 2614 dignetur
644 2551 703 2616 pro
725 2529 836 2616 populi
865 2527 963 2616 hujus
996 2525 1096 2614 digna
1118 2528 1301 2615 sumptione
1342 2532 1423 2595 etin

131 2636 318 2702 memoriam
340 2635 522 2701 innocentis
543 2633 704 2720 passionis
741 2643 774 2699 et
796 2632 939 2699 omnium
950 2631 1181 2697 beneficiorum
1205 2634 1274 2722 ejus
1314 2646 1347 2700 et
1369 2656 1424 2723 pro

132 2746 247 2811 merito
268 2746 355 2810 vitae
379 2750 540 2809 aeternae.
561 2741 692 2808 Deinde
713 2743 862 2809 recitavit
876 2743 976 2808 Pater
996 2749 1108 2806 noster
1128 2760 1231 2828 usque
1251 2740 1297 2805 ad
1320 2741 1425 2825 finem,

134 2849 265 2919 tandem
287 2847 404 2916 obtulit
426 2847 526 2915 verba
549 2848 672 2916 Christi
693 2873 751 2938 pro
774 2849 1009 2931 benedictione,
1033 2847 1173 2934 quaein
1190 2846 1308 2912 ultima
1327 2870 1428 2914 coena

133 2956 217 3022 dixit
238 2958 272 3022 in
295 2953 521 3022 distributione
545 2957 749 3039 sacramenti,
774 2955 920 3043 corporis
943 2961 976 3018 et
998 2949 1176 3038 sanguinis,
1210 2951 1262 3016 his
1295 2953 1426 3020 verbis:

131 3061 308 3150 Accipiens
329 3084 448 3150 panem
469 3063 504 3126 in
527 3068 657 3127 sanctes
677 3082 794 3127 manus
824 3081 909 3142 suas,
942 3056 1064 3144 gratias
1087 3056 1163 3142 egit,
1194 3055 1304 3142 fregit,
1338 3058 1426 3124 dedit

132 3167 245 3245 dicens
268 3175 325 3232 etc.
372 3165 429 3233 Sic
452 3165 549 3241 etiam
570 3166 606 3231 in
628 3165 738 3254 specie
760 3163 863 3230 altera
893 3165 961 3251 egit
982 3181 1086 3247 usque
1108 3157 1151 3223 ad
1173 3162 1281 3245 finem,
1314 3163 1423 3228 omnin

69 3262 72 3267 ’
131 3295 213 3340 voce
234 3271 323 3339 clara
344 3273 378 3337 in
400 3271 513 3358 lingua
534 3269 719 3341 Bohemioa.
763 3269 911 3336 Tandem
933 3268 1058 3358 absque
1080 3268 1169 3334 omni
1190 3267 1373 3334 elevatione
1396 3276 1426 3332 et

132 3376 283 3445 omnibus
305 3377 379 3444 aliis
400 3376 526 3461 ritibus,
550 3378 605 3464 qui
626 3377 662 3441 in
683 3376 783 3442 missa
805 3374 876 3442 fieri
899 3374 1013 3458 solent,
1049 3374 1170 3460 gratias
1193 3370 1322 3458 agendo
1357 3373 1424 3437 dis-

132 3482 245 3550 tribuit
264 3482 340 3565 illis,
364 3490 396 3547 et
418 3484 463 3548 ita
485 3481 571 3548 hane
591 3482 724 3547 missam
746 3481 861 3547 finivit
905 3479 996 3545 Talis
1031 3487 1081 3544 est
1116 3476 1200 3542 haec
1221 3478 1325 3542 missa
1349 3474 1425 3543 Sne·

132 3589 206 3655 vica
223 3609 248 3652 a
268 3586 394 3653 Passek
427 3585 601 3671 nominata,
640 3587 675 3651 in
708 3609 771 3674 qua
803 3609 918 3673 mapsa
951 3587 1041 3672 eopia
1076 3583 1240 3647 variorum
1271 3580 1425 3648 deornm

133 3701 217 3758 statu
239 3692 406 3765 hominum
429 3712 503 3756 0000
525 3689 661 3775 solebat,
686 3690 871 3778 etquidem
894 3711 960 3754 000
976 3696 1101 3753 tantum
1115 3686 1175 3753 sub
1197 3696 1345 3773 utraque,
1369 3685 1425 3752 sed

134 3798 229 3863 etiam
252 3798 390 3863 Romani
412 3796 471 3862 sub
486 3818 551 3862 una
567 3797 686 3884 specie,
708 3795 866 3882 multique
881 3795 1048 3880 utriusque
1063 3814 1161 3858 sexus
1183 3789 1265 3855 haec
1287 3790 1421 3856 audien·

133 3911 183 3967 tes
207 3910 239 3968 et
259 3901 467 3985 admirantes,
505 3910 601 3988 atque
623 3901 658 3965 in
680 3900 731 3966 his
754 3898 993 3988 complacentes
1016 3896 1088 3974 sibi,
1110 3895 1285 3984 lacrymari
1320 3896 1424 3961 coacti

133 4016 216 4074 sunt.

217 4111 438 4200 Interrogatus
460 4110 593 4178 tandem
614 4111 649 4176 in
672 4109 762 4176 curia
783 4107 1027 4173 administrator
1042 4103 1156 4171 Gallus
1179 4101 1330 4170 Ozahera
1352 4126 1423 4171 cum

133 4218 219 4285 clero
253 4240 320 4302 suo,
352 4240 393 4283 00
428 4219 463 4289 in
484 4217 536 4282 his
571 4214 730 4305 quaedam
753 4235 890 4279 erronea
912 4214 977 4277 sint
999 4219 1110 4278 contra
1137 4208 1246 4295 legem
1269 4208 1346 4288 Dei,
1376 4234 1423 4277 rs·

51 4383 54 4390 .
133 4323 273 4412 spondit,
296 4323 378 4389 nihil
402 4345 473 4388 0000
508 4323 644 4405 erronei,
673 4342 735 4386 000
758 4328 870 4385 contra
902 4317 1009 4405 legem
1055 4324 1088 4380 et
1108 4323 1339 4381 testamentum
1360 4316 1423 4382 Dei

133 4431 197 4516 agi,
220 4429 278 4495 sed
300 4428 388 4515 quod
411 4448 446 4492 00
467 4427 702 4515 praecedenter
724 4447 833 4491 coram
854 4423 911 4489 illo
934 4445 1007 4489 cum
1029 4420 1091 4487 hae
1113 4421 1214 4485 missa
1245 4419 1422 4487 absconde-

132 4535 195 4621 rit;
218 4534 299 4601 illud
322 4542 429 4599 autem
451 4534 595 4620 potuisse
616 4532 697 4611 fieri,
722 4554 796 4597 cum
817 4553 870 4596 res
905 4530 948 4595 sit
970 4523 1082 4594 contr'a
1119 4524 1371 4591 consuetudines
1393 4533 1423 4590 et

135 4638 304 4705 hominum
326 4639 532 4705 inventiones
555 4648 587 4705 et
611 4638 866 4721 constitutiones,
889 4658 971 4723 quae
1002 4632 1123 4699 nullam
1148 4630 1315 4716 virtutem,
1337 4631 1421 4699 valo·

124 4766 198 4811 rem
223 4754 260 4813 et
280 4745 544 4817 aestimationem
577 4767 657 4835 erga
688 4745 796 4835 legem
829 4743 894 4812 Dei
924 4739 1055 4810 habent
1106 4735 1283 4806 Sciendum
1316 4738 1422 4821 etiam,
