<?xml version="1.0" encoding="UTF-8"?>
<!DOCTYPE html PUBLIC "-//W3C//DTD XHTML 1.0 Transitional//EN"
    "http://www.w3.org/TR/xhtml1/DTD/xhtml1-transitional.dtd">
<html xmlns="http://www.w3.org/1999/xhtml" xml:lang="en" lang="en">
 <head>
  <title>
</title>
<meta http-equiv="Content-Type" content="text/html;charset=utf-8" />
  <meta name='ocr-system' content='tesseract 3.04.00' />
  <meta name='ocr-capabilities' content='ocr_page ocr_carea ocr_par ocr_line ocrx_word'/>
</head>
<body>
  <div class='ocr_page' id='page_1' title='image "./desbartholomusv00bartgoog_0126.png"; bbox 0 0 2948 5040; ppageno 0'>
   <div class='ocr_carea' id='block_1_1' title="bbox 69 130 1362 395">
    <p class='ocr_par' dir='ltr' id='par_1_1' title="bbox 69 130 1362 395">
     <span class='ocr_line' id='line_1_1' title="bbox 1288 130 1362 207; baseline 0 0"><span class='ocrx_word' id='word_1_1' title='bbox 1288 130 1362 207; x_wconf 73' lang='grc' dir='ltr'><strong>1οΒ</strong></span> 
     </span>
     <span class='ocr_line' id='line_1_2' title="bbox 69 248 1360 395; baseline 0.001 -21"><span class='ocrx_word' id='word_1_2' title='bbox 69 306 155 375; x_wconf 78' lang='lat' dir='ltr'><strong>haee</strong></span> <span class='ocrx_word' id='word_1_3' title='bbox 173 303 367 373; x_wconf 83' lang='lat' dir='ltr'><strong>admiranda</strong></span> <span class='ocrx_word' id='word_1_4' title='bbox 386 248 482 390; x_wconf 81' lang='lat' dir='ltr'><strong>sunt,¹</strong></span> <span class='ocrx_word' id='word_1_5' title='bbox 504 304 601 394; x_wconf 89' lang='lat' dir='ltr'><strong>quod,</strong></span> <span class='ocrx_word' id='word_1_6' title='bbox 636 304 713 373; x_wconf 87' lang='lat' dir='ltr'><strong>lieet</strong></span> <span class='ocrx_word' id='word_1_7' title='bbox 745 304 878 395; x_wconf 78' lang='lat' dir='ltr'><strong>quiden</strong></span> <span class='ocrx_word' id='word_1_8' title='bbox 897 303 940 372; x_wconf 85' lang='lat' dir='ltr'><strong>de</strong></span> <span class='ocrx_word' id='word_1_9' title='bbox 961 303 1015 371; x_wconf 87' lang='lat' dir='ltr'><strong>bis</strong></span> <span class='ocrx_word' id='word_1_10' title='bbox 1034 304 1246 383; x_wconf 82' lang='lat' dir='ltr'><strong>inosroorotis</strong></span> <span class='ocrx_word' id='word_1_11' title='bbox 1269 327 1360 375; x_wconf 70' lang='lat' dir='ltr'><strong>sma-</strong></span> 
     </span>
    </p>
   </div>
   <div class='ocr_carea' id='block_1_2' title="bbox 68 408 1402 914">
    <p class='ocr_par' dir='ltr' id='par_1_2' title="bbox 68 408 1402 914">
     <span class='ocr_line' id='line_1_3' title="bbox 69 408 1358 500; baseline -0.001 -22"><span class='ocrx_word' id='word_1_12' title='bbox 69 410 195 478; x_wconf 90' lang='lat' dir='ltr'><strong>toribus</strong></span> <span class='ocrx_word' id='word_1_13' title='bbox 215 431 282 476; x_wconf 90' lang='lat' dir='ltr'><strong>non</strong></span> <span class='ocrx_word' id='word_1_14' title='bbox 303 408 425 477; x_wconf 79' lang='lat' dir='ltr'><strong>fuerint</strong></span> <span class='ocrx_word' id='word_1_15' title='bbox 445 412 480 476; x_wconf 93' lang='lat' dir='ltr'><strong>in</strong></span> <span class='ocrx_word' id='word_1_16' title='bbox 501 411 607 497; x_wconf 88' lang='lat' dir='ltr'><strong>primo</strong></span> <span class='ocrx_word' id='word_1_17' title='bbox 629 413 817 500; x_wconf 83' lang='lat' dir='ltr'><strong>vespertino</strong></span> <span class='ocrx_word' id='word_1_18' title='bbox 839 411 1074 497; x_wconf 75' lang='lat' dir='ltr'><strong>congressum</strong></span> <span class='ocrx_word' id='word_1_19' title='bbox 1095 411 1186 477; x_wconf 83' lang='lat' dir='ltr'><strong>euris</strong></span> <span class='ocrx_word' id='word_1_20' title='bbox 1200 432 1358 498; x_wconf 79' lang='lat' dir='ltr'><strong>praesen-</strong></span> 
     </span>
     <span class='ocr_line' id='line_1_4' title="bbox 69 504 1358 604; baseline 0 -21"><span class='ocrx_word' id='word_1_21' title='bbox 69 525 130 600; x_wconf 85' lang='lat' dir='ltr'><strong>tes,</strong></span> <span class='ocrx_word' id='word_1_22' title='bbox 153 514 363 582; x_wconf 82' lang='lat' dir='ltr'><strong>nihilominus</strong></span> <span class='ocrx_word' id='word_1_23' title='bbox 395 504 506 580; x_wconf 86' lang='lat' dir='ltr'><strong>tamen</strong></span> <span class='ocrx_word' id='word_1_24' title='bbox 537 513 752 594; x_wconf 68' lang='lat' dir='ltr'><strong>adstrueres</strong></span> <span class='ocrx_word' id='word_1_25' title='bbox 772 514 953 604; x_wconf 80' lang='lat' dir='ltr'><strong>aequaliter</strong></span> <span class='ocrx_word' id='word_1_26' title='bbox 975 527 1049 581; x_wconf 87' lang='lat' dir='ltr'><strong>eum</strong></span> <span class='ocrx_word' id='word_1_27' title='bbox 1070 513 1146 581; x_wconf 83' lang='lat' dir='ltr'><strong>eliis</strong></span> <span class='ocrx_word' id='word_1_28' title='bbox 1167 515 1288 602; x_wconf 88' lang='lat' dir='ltr'><strong>sumpti</strong></span> <span class='ocrx_word' id='word_1_29' title='bbox 1309 514 1358 583; x_wconf 75' lang='grc' dir='ltr'>ιιι·</span> 
     </span>
     <span class='ocr_line' id='line_1_5' title="bbox 70 617 1402 709; baseline 0.001 -23"><span class='ocrx_word' id='word_1_30' title='bbox 70 621 169 705; x_wconf 81' lang='lat' dir='ltr'><strong>erint3</strong></span> <span class='ocrx_word' id='word_1_31' title='bbox 208 619 339 709; x_wconf 90' lang='lat' dir='ltr'><strong>quidam</strong></span> <span class='ocrx_word' id='word_1_32' title='bbox 370 641 448 687; x_wconf 84' lang='lat' dir='ltr'><strong>vero</strong></span> <span class='ocrx_word' id='word_1_33' title='bbox 477 621 513 683; x_wconf 93' lang='lat' dir='ltr'><strong>in</strong></span> <span class='ocrx_word' id='word_1_34' title='bbox 541 620 649 706; x_wconf 85' lang='lat' dir='ltr'><strong>quiete</strong></span> <span class='ocrx_word' id='word_1_35' title='bbox 678 621 785 687; x_wconf 87' lang='lat' dir='ltr'><strong>relicti</strong></span> <span class='ocrx_word' id='word_1_36' title='bbox 812 619 907 685; x_wconf 89' lang='lat' dir='ltr'><strong>liberi</strong></span> <span class='ocrx_word' id='word_1_37' title='bbox 937 619 1009 684; x_wconf 87' lang='lat' dir='ltr'><strong>sine</strong></span> <span class='ocrx_word' id='word_1_38' title='bbox 1031 619 1127 684; x_wconf 88' lang='lat' dir='ltr'><strong>omni</strong></span> <span class='ocrx_word' id='word_1_39' title='bbox 1159 617 1359 687; x_wconf 62' lang='lat' dir='ltr'><strong>aduncitate</strong></span> <span class='ocrx_word' id='word_1_40' title='bbox 1400 660 1402 667; x_wconf 44' lang='grc' dir='ltr'><strong>ι</strong></span> 
     </span>
     <span class='ocr_line' id='line_1_6' title="bbox 68 721 1360 817; baseline -0.001 -25"><span class='ocrx_word' id='word_1_41' title='bbox 68 733 326 817; x_wconf 88' lang='lat' dir='ltr'><strong>permanserunt,</strong></span> <span class='ocrx_word' id='word_1_42' title='bbox 349 725 405 812; x_wconf 87' lang='lat' dir='ltr'><strong>qui</strong></span> <span class='ocrx_word' id='word_1_43' title='bbox 427 745 501 789; x_wconf 87' lang='lat' dir='ltr'><strong>eum</strong></span> <span class='ocrx_word' id='word_1_44' title='bbox 523 724 596 790; x_wconf 74' lang='lat' dir='ltr'><strong>aliis</strong></span> <span class='ocrx_word' id='word_1_45' title='bbox 618 731 695 790; x_wconf 87' lang='lat' dir='ltr'><strong>tune</strong></span> <span class='ocrx_word' id='word_1_46' title='bbox 725 726 761 791; x_wconf 92' lang='lat' dir='ltr'><strong>in</strong></span> <span class='ocrx_word' id='word_1_47' title='bbox 783 726 873 791; x_wconf 82' lang='lat' dir='ltr'><strong>curia</strong></span> <span class='ocrx_word' id='word_1_48' title='bbox 894 722 1077 807; x_wconf 83' lang='lat' dir='ltr'><strong>adfuerunt,</strong></span> <span class='ocrx_word' id='word_1_49' title='bbox 1110 721 1230 789; x_wconf 82' lang='lat' dir='ltr'><strong>deinde</strong></span> <span class='ocrx_word' id='word_1_50' title='bbox 1251 731 1360 791; x_wconf 78' lang='lat' dir='ltr'><strong>eutem</strong></span> 
     </span>
     <span class='ocr_line' id='line_1_7' title="bbox 70 827 1313 914; baseline -0.002 -17"><span class='ocrx_word' id='word_1_51' title='bbox 70 838 184 899; x_wconf 85' lang='lat' dir='ltr'><strong>eontra</strong></span> <span class='ocrx_word' id='word_1_52' title='bbox 205 828 277 896; x_wconf 90' lang='lat' dir='ltr'><strong>illos</strong></span> <span class='ocrx_word' id='word_1_53' title='bbox 300 829 384 896; x_wconf 88' lang='lat' dir='ltr'><strong>sieut</strong></span> <span class='ocrx_word' id='word_1_54' title='bbox 405 837 517 895; x_wconf 87' lang='lat' dir='ltr'><strong>contra</strong></span> <span class='ocrx_word' id='word_1_55' title='bbox 538 829 629 914; x_wconf 86' lang='lat' dir='ltr'><strong>alios,</strong></span> <span class='ocrx_word' id='word_1_56' title='bbox 652 838 688 899; x_wconf 94' lang='lat' dir='ltr'><strong>ut</strong></span> <span class='ocrx_word' id='word_1_57' title='bbox 706 829 858 896; x_wconf 82' lang='lat' dir='ltr'><strong>inimicos</strong></span> <span class='ocrx_word' id='word_1_58' title='bbox 880 850 915 895; x_wconf 90' lang='lat' dir='ltr'><strong>se</strong></span> <span class='ocrx_word' id='word_1_59' title='bbox 939 827 1095 895; x_wconf 81' lang='lat' dir='ltr'><strong>exhi-bere</strong></span> <span class='ocrx_word' id='word_1_60' title='bbox 1121 827 1313 895; x_wconf 87' lang='lat' dir='ltr'><strong>debuerunt.</strong></span> 
     </span>
    </p>
   </div>
   <div class='ocr_carea' id='block_1_3' title="bbox 487 990 882 1117">
    <p class='ocr_par' dir='ltr' id='par_1_3' title="bbox 487 990 882 1117">
     <span class='ocr_line' id='line_1_8' title="bbox 487 990 882 1117; baseline 0 -13"><span class='ocrx_word' id='word_1_61' title='bbox 487 1110 490 1117; x_wconf 62' lang='grc'>,</span> <span class='ocrx_word' id='word_1_62' title='bbox 606 1035 752 1105; x_wconf 78' lang='lat' dir='ltr'><strong>orror</strong></span> <span class='ocrx_word' id='word_1_63' title='bbox 785 1016 838 1104; x_wconf 81' lang='lat' dir='ltr'><strong>se.</strong></span> <span class='ocrx_word' id='word_1_64' title='bbox 869 990 882 996; x_wconf 59' lang='grc'><strong>”</strong></span> 
     </span>
    </p>
   </div>
   <div class='ocr_carea' id='block_1_4' title="bbox 74 1145 1359 1472">
    <p class='ocr_par' dir='ltr' id='par_1_4' title="bbox 74 1145 1359 1472">
     <span class='ocr_line' id='line_1_9' title="bbox 77 1145 1359 1228; baseline -0.006 -12"><span class='ocrx_word' id='word_1_65' title='bbox 77 1155 140 1216; x_wconf 91' lang='lat' dir='ltr'><strong>Ubi</strong></span> <span class='ocrx_word' id='word_1_66' title='bbox 161 1150 336 1226; x_wconf 79' lang='lat' dir='ltr'><strong>continetur,</strong></span> <span class='ocrx_word' id='word_1_67' title='bbox 365 1150 512 1228; x_wconf 89' lang='lat' dir='ltr'><strong>quomodo</strong></span> <span class='ocrx_word' id='word_1_68' title='bbox 534 1169 589 1208; x_wconf 87' lang='lat' dir='ltr'><strong>rex</strong></span> <span class='ocrx_word' id='word_1_69' title='bbox 611 1148 785 1209; x_wconf 79' lang='lat' dir='ltr'><strong>L&#39;udovicus</strong></span> <span class='ocrx_word' id='word_1_70' title='bbox 820 1147 951 1227; x_wconf 80' lang='lat' dir='ltr'><strong>principi</strong></span> <span class='ocrx_word' id='word_1_71' title='bbox 971 1155 1002 1207; x_wconf 88' lang='lat' dir='ltr'><strong>et</strong></span> <span class='ocrx_word' id='word_1_72' title='bbox 1022 1145 1225 1226; x_wconf 79' lang='lat' dir='ltr'><strong>Pregensibus</strong></span> <span class='ocrx_word' id='word_1_73' title='bbox 1255 1146 1359 1209; x_wconf 83' lang='lat' dir='ltr'><strong>litores</strong></span> 
     </span>
     <span class='ocr_line' id='line_1_10' title="bbox 77 1234 1353 1310; baseline -0.002 -10"><span class='ocrx_word' id='word_1_74' title='bbox 77 1261 148 1300; x_wconf 89' lang='lat' dir='ltr'><strong>cum</strong></span> <span class='ocrx_word' id='word_1_75' title='bbox 179 1239 278 1299; x_wconf 89' lang='lat' dir='ltr'><strong>edicto</strong></span> <span class='ocrx_word' id='word_1_76' title='bbox 300 1245 404 1298; x_wconf 86' lang='lat' dir='ltr'><strong>eontra</strong></span> <span class='ocrx_word' id='word_1_77' title='bbox 424 1238 625 1298; x_wconf 78' lang='lat' dir='ltr'><strong>incarceratos</strong></span> <span class='ocrx_word' id='word_1_78' title='bbox 659 1236 856 1310; x_wconf 79' lang='lat' dir='ltr'><strong>transmittat,</strong></span> <span class='ocrx_word' id='word_1_79' title='bbox 887 1245 918 1296; x_wconf 91' lang='lat' dir='ltr'><strong>et</strong></span> <span class='ocrx_word' id='word_1_80' title='bbox 945 1235 1034 1296; x_wconf 90' lang='lat' dir='ltr'><strong>iidem</strong></span> <span class='ocrx_word' id='word_1_81' title='bbox 1066 1234 1243 1296; x_wconf 81' lang='lat' dir='ltr'><strong>incarcerati</strong></span> <span class='ocrx_word' id='word_1_82' title='bbox 1274 1235 1353 1297; x_wconf 75' lang='lat' dir='ltr'><strong>intra</strong></span> 
     </span>
     <span class='ocr_line' id='line_1_11' title="bbox 74 1321 1352 1472; baseline -0.002 -85"><span class='ocrx_word' id='word_1_83' title='bbox 74 1327 206 1408; x_wconf 85' lang='lat' dir='ltr'><strong>spatium</strong></span> <span class='ocrx_word' id='word_1_84' title='bbox 228 1325 317 1387; x_wconf 87' lang='lat' dir='ltr'><strong>trium</strong></span> <span class='ocrx_word' id='word_1_85' title='bbox 346 1325 582 1405; x_wconf 78' lang='lat' dir='ltr'><strong>septimanarum</strong></span> <span class='ocrx_word' id='word_1_86' title='bbox 591 1331 671 1472; x_wconf 61' lang='lat' dir='ltr'><strong>dpqqt</strong></span> <span class='ocrx_word' id='word_1_87' title='bbox 682 1324 948 1472; x_wconf 55' lang='lat' dir='ltr'><strong>ngfflchas</strong></span> <span class='ocrx_word' id='word_1_88' title='bbox 919 1323 955 1382; x_wconf 92' lang='lat' dir='ltr'><strong>lit</strong></span> <span class='ocrx_word' id='word_1_89' title='bbox 943 1330 1023 1383; x_wconf 86' lang='lat' dir='ltr'><strong>teras</strong></span> <span class='ocrx_word' id='word_1_90' title='bbox 1049 1326 1089 1382; x_wconf 88' lang='lat' dir='ltr'><strong>ex&#39;</strong></span> <span class='ocrx_word' id='word_1_91' title='bbox 1116 1321 1237 1383; x_wconf 87' lang='lat' dir='ltr'><strong>civitate</strong></span> <span class='ocrx_word' id='word_1_92' title='bbox 1265 1342 1352 1385; x_wconf 83' lang='lat' dir='ltr'><strong>exue·</strong></span> 
     </span>
    </p>
   </div>
   <div class='ocr_carea' id='block_1_5' title="bbox 50 1579 1447 4818">
    <p class='ocr_par' dir='ltr' id='par_1_5' title="bbox 66 1579 1361 2086">
     <span class='ocr_line' id='line_1_12' title="bbox 157 1579 1361 1670; baseline -0.001 -22"><span class='ocrx_word' id='word_1_93' title='bbox 157 1583 334 1670; x_wconf 85' lang='lat' dir='ltr'><strong>Postquam</strong></span> <span class='ocrx_word' id='word_1_94' title='bbox 357 1600 435 1668; x_wconf 83' lang='lat' dir='ltr'><strong>ergo</strong></span> <span class='ocrx_word' id='word_1_95' title='bbox 458 1580 723 1668; x_wconf 84' lang='lat' dir='ltr'><strong>supranominate</strong></span> <span class='ocrx_word' id='word_1_96' title='bbox 745 1579 867 1668; x_wconf 85' lang='lat' dir='ltr'><strong>scripta</strong></span> <span class='ocrx_word' id='word_1_97' title='bbox 883 1579 1058 1667; x_wconf 87' lang='lat' dir='ltr'><strong>utriusque</strong></span> <span class='ocrx_word' id='word_1_98' title='bbox 1079 1581 1182 1668; x_wconf 80' lang='lat' dir='ltr'><strong>partis</strong></span> <span class='ocrx_word' id='word_1_99' title='bbox 1203 1600 1264 1647; x_wconf 88' lang='lat' dir='ltr'><strong>rex</strong></span> <span class='ocrx_word' id='word_1_100' title='bbox 1285 1600 1361 1649; x_wconf 85' lang='lat' dir='ltr'><strong>eum</strong></span> 
     </span>
     <span class='ocr_line' id='line_1_13' title="bbox 70 1673 1359 1774; baseline -0.004 -18"><span class='ocrx_word' id='word_1_101' title='bbox 70 1688 267 1756; x_wconf 88' lang='lat' dir='ltr'><strong>consiliariis</strong></span> <span class='ocrx_word' id='word_1_102' title='bbox 290 1687 357 1752; x_wconf 87' lang='lat' dir='ltr'><strong>suis</strong></span> <span class='ocrx_word' id='word_1_103' title='bbox 379 1673 555 1772; x_wconf 72' lang='lat' dir='ltr'><strong>diligenter</strong></span> <span class='ocrx_word' id='word_1_104' title='bbox 575 1685 770 1774; x_wconf 77' lang='lat' dir='ltr'><strong>perlegisset</strong></span> <span class='ocrx_word' id='word_1_105' title='bbox 806 1695 839 1759; x_wconf 87' lang='lat' dir='ltr'><strong>et</strong></span> <span class='ocrx_word' id='word_1_106' title='bbox 872 1683 1121 1769; x_wconf 79' lang='lat' dir='ltr'><strong>considerasset,</strong></span> <span class='ocrx_word' id='word_1_107' title='bbox 1154 1684 1214 1750; x_wconf 86' lang='lat' dir='ltr'><strong>has</strong></span> <span class='ocrx_word' id='word_1_108' title='bbox 1249 1685 1359 1751; x_wconf 81' lang='lat' dir='ltr'><strong>litores</strong></span> 
     </span>
     <span class='ocr_line' id='line_1_14' title="bbox 72 1789 1359 1876; baseline -0.005 -16"><span class='ocrx_word' id='word_1_109' title='bbox 72 1802 105 1860; x_wconf 89' lang='lat' dir='ltr'><strong>et</strong></span> <span class='ocrx_word' id='word_1_110' title='bbox 126 1792 304 1859; x_wconf 82' lang='lat' dir='ltr'><strong>voluntatis</strong></span> <span class='ocrx_word' id='word_1_111' title='bbox 328 1812 406 1855; x_wconf 89' lang='lat' dir='ltr'><strong>suae</strong></span> <span class='ocrx_word' id='word_1_112' title='bbox 427 1789 682 1856; x_wconf 78' lang='lat' dir='ltr'><strong>declarationem</strong></span> <span class='ocrx_word' id='word_1_113' title='bbox 705 1811 779 1855; x_wconf 88' lang='lat' dir='ltr'><strong>oum</strong></span> <span class='ocrx_word' id='word_1_114' title='bbox 801 1811 858 1854; x_wconf 89' lang='lat' dir='ltr'><strong>sen</strong></span> <span class='ocrx_word' id='word_1_115' title='bbox 861 1790 963 1855; x_wconf 87' lang='lat' dir='ltr'><strong>tentia</strong></span> <span class='ocrx_word' id='word_1_116' title='bbox 983 1789 1276 1876; x_wconf 85' lang='lat' dir='ltr'><strong>prinoipiPosonio</strong></span> <span class='ocrx_word' id='word_1_117' title='bbox 1289 1810 1359 1855; x_wconf 85' lang='lat' dir='ltr'><strong>rur·</strong></span> 
     </span>
     <span class='ocr_line' id='line_1_15' title="bbox 69 1891 1347 1982; baseline -0.003 -18"><span class='ocrx_word' id='word_1_118' title='bbox 69 1918 125 1964; x_wconf 88' lang='lat' dir='ltr'><strong>sus</strong></span> <span class='ocrx_word' id='word_1_119' title='bbox 148 1896 328 1962; x_wconf 77' lang='lat' dir='ltr'><strong>transmisit</strong></span> <span class='ocrx_word' id='word_1_120' title='bbox 348 1916 408 1982; x_wconf 88' lang='lat' dir='ltr'><strong>per</strong></span> <span class='ocrx_word' id='word_1_121' title='bbox 427 1894 578 1959; x_wconf 90' lang='lat' dir='ltr'><strong>nuntium</strong></span> <span class='ocrx_word' id='word_1_122' title='bbox 599 1893 661 1958; x_wconf 91' lang='lat' dir='ltr'><strong>hoc</strong></span> <span class='ocrx_word' id='word_1_123' title='bbox 682 1913 768 1958; x_wconf 83' lang='lat' dir='ltr'><strong>anno</strong></span> <span class='ocrx_word' id='word_1_124' title='bbox 793 1891 926 1958; x_wconf 77' lang='lat'>1525</span> <span class='ocrx_word' id='word_1_125' title='bbox 899 1912 985 1959; x_wconf 82' lang='lat' dir='ltr'><strong>orrea</strong></span> <span class='ocrx_word' id='word_1_126' title='bbox 996 1891 1083 1958; x_wconf 79' lang='lat' dir='ltr'><strong>diem</strong></span> <span class='ocrx_word' id='word_1_127' title='bbox 1098 1892 1347 1978; x_wconf 84' lang='lat' dir='ltr'><strong>Puritieationis,</strong></span> 
     </span>
     <span class='ocr_line' id='line_1_16' title="bbox 66 1998 1008 2086; baseline -0.006 -17"><span class='ocrx_word' id='word_1_128' title='bbox 66 2003 119 2069; x_wconf 88' lang='lat' dir='ltr'><strong>his</strong></span> <span class='ocrx_word' id='word_1_129' title='bbox 142 1999 263 2082; x_wconf 85' lang='lat' dir='ltr'><strong>verbis,</strong></span> <span class='ocrx_word' id='word_1_130' title='bbox 287 2007 322 2065; x_wconf 92' lang='lat' dir='ltr'><strong>ut</strong></span> <span class='ocrx_word' id='word_1_131' title='bbox 344 1998 507 2086; x_wconf 85' lang='lat' dir='ltr'><strong>sequitur:</strong></span> <span class='ocrx_word' id='word_1_132' title='bbox 1003 2021 1008 2031; x_wconf 92' lang='lat'><strong>·</strong></span> 
     </span>
    </p>

    <p class='ocr_par' dir='ltr' id='par_1_6' title="bbox 50 2101 1447 4715">
     <span class='ocr_line' id='line_1_17' title="bbox 154 2101 1360 2190; baseline -0.003 -18"><span class='ocrx_word' id='word_1_133' title='bbox 154 2106 221 2172; x_wconf 87' lang='lat' dir='ltr'><strong>Nos</strong></span> <span class='ocrx_word' id='word_1_134' title='bbox 251 2103 459 2186; x_wconf 76' lang='lat' dir='ltr'><strong>Lndovious,¹</strong></span> <span class='ocrx_word' id='word_1_135' title='bbox 471 2102 538 2168; x_wconf 90' lang='lat' dir='ltr'><strong>Dei</strong></span> <span class='ocrx_word' id='word_1_136' title='bbox 560 2123 619 2189; x_wconf 84' lang='lat' dir='ltr'><strong>gra</strong></span> <span class='ocrx_word' id='word_1_137' title='bbox 620 2103 666 2167; x_wconf 92' lang='lat' dir='ltr'><strong>tia</strong></span> <span class='ocrx_word' id='word_1_138' title='bbox 685 2121 746 2166; x_wconf 81' lang='lat' dir='ltr'><strong>rex</strong></span> <span class='ocrx_word' id='word_1_139' title='bbox 768 2108 831 2167; x_wconf 86' lang='lat' dir='ltr'><strong>etc.</strong></span> <span class='ocrx_word' id='word_1_140' title='bbox 854 2107 922 2168; x_wconf 81' lang='lat' dir='ltr'><strong>eta·</strong></span> <span class='ocrx_word' id='word_1_141' title='bbox 946 2101 1223 2190; x_wconf 79' lang='lat' dir='ltr'><strong>Recognoseimus</strong></span> <span class='ocrx_word' id='word_1_142' title='bbox 1255 2102 1360 2168; x_wconf 81' lang='lat' dir='ltr'><strong>literis</strong></span> 
     </span>
     <span class='ocr_line' id='line_1_18' title="bbox 68 2204 1361 2300; baseline -0.006 -19"><span class='ocrx_word' id='word_1_143' title='bbox 68 2216 123 2281; x_wconf 88' lang='lat' dir='ltr'><strong>his</strong></span> <span class='ocrx_word' id='word_1_144' title='bbox 139 2211 338 2293; x_wconf 24' lang='lat' dir='ltr'><strong>&#39;universimz</strong></span> <span class='ocrx_word' id='word_1_145' title='bbox 371 2217 546 2300; x_wconf 85' lang='lat' dir='ltr'><strong>postquam</strong></span> <span class='ocrx_word' id='word_1_146' title='bbox 569 2206 781 2289; x_wconf 59' lang='lat' dir='ltr'><strong>serenissimox</strong></span> <span class='ocrx_word' id='word_1_147' title='bbox 800 2204 919 2273; x_wconf 79' lang='lat' dir='ltr'><strong>Garolo</strong></span> <span class='ocrx_word' id='word_1_148' title='bbox 943 2215 976 2273; x_wconf 88' lang='lat' dir='ltr'><strong>et</strong></span> <span class='ocrx_word' id='word_1_149' title='bbox 995 2207 1071 2274; x_wconf 85' lang='lat' dir='ltr'><strong>aliis</strong></span> <span class='ocrx_word' id='word_1_150' title='bbox 1101 2229 1144 2273; x_wconf 87' lang='lat' dir='ltr'><strong>ex</strong></span> <span class='ocrx_word' id='word_1_151' title='bbox 1173 2206 1361 2273; x_wconf 82' lang='lat' dir='ltr'><strong>civitatibus</strong></span> 
     </span>
     <span class='ocr_line' id='line_1_19' title="bbox 73 2311 1362 2406; baseline -0.005 -22"><span class='ocrx_word' id='word_1_152' title='bbox 73 2316 372 2402; x_wconf 84' lang='lat' dir='ltr'><strong>nostrisablegatis</strong></span> <span class='ocrx_word' id='word_1_153' title='bbox 394 2315 489 2401; x_wconf 83' lang='lat' dir='ltr'><strong>regni</strong></span> <span class='ocrx_word' id='word_1_154' title='bbox 509 2313 688 2381; x_wconf 73' lang='lat' dir='ltr'><strong>Bohemia‘e</strong></span> <span class='ocrx_word' id='word_1_155' title='bbox 709 2313 865 2380; x_wconf 86' lang='lat' dir='ltr'><strong>mandare</strong></span> <span class='ocrx_word' id='word_1_156' title='bbox 888 2313 1015 2400; x_wconf 80' lang='lat' dir='ltr'><strong>dignati</strong></span> <span class='ocrx_word' id='word_1_157' title='bbox 1034 2313 1167 2396; x_wconf 85' lang='lat' dir='ltr'><strong>fuimus,</strong></span> <span class='ocrx_word' id='word_1_158' title='bbox 1197 2321 1235 2378; x_wconf 90' lang='lat' dir='ltr'><strong>ut</strong></span> <span class='ocrx_word' id='word_1_159' title='bbox 1256 2311 1362 2406; x_wconf 81' lang='lat' dir='ltr'><strong>direr-</strong></span> 
     </span>
     <span class='ocr_line' id='line_1_20' title="bbox 72 2419 1361 2506; baseline -0.004 -18"><span class='ocrx_word' id='word_1_160' title='bbox 72 2425 183 2489; x_wconf 84' lang='lat' dir='ltr'><strong>sitates</strong></span> <span class='ocrx_word' id='word_1_161' title='bbox 204 2432 238 2488; x_wconf 89' lang='lat' dir='ltr'><strong>et</strong></span> <span class='ocrx_word' id='word_1_162' title='bbox 260 2419 491 2496; x_wconf 83' lang='lat' dir='ltr'><strong>dissensiones,</strong></span> <span class='ocrx_word' id='word_1_163' title='bbox 515 2440 598 2506; x_wconf 90' lang='lat' dir='ltr'><strong>quae</strong></span> <span class='ocrx_word' id='word_1_164' title='bbox 620 2420 706 2485; x_wconf 89' lang='lat' dir='ltr'><strong>inter</strong></span> <span class='ocrx_word' id='word_1_165' title='bbox 718 2420 903 2506; x_wconf 86' lang='lat' dir='ltr'><strong>Pragenses</strong></span> <span class='ocrx_word' id='word_1_166' title='bbox 925 2440 969 2486; x_wconf 80' lang='lat' dir='ltr'><strong>ex</strong></span> <span class='ocrx_word' id='word_1_167' title='bbox 989 2442 1055 2486; x_wconf 88' lang='lat' dir='ltr'><strong>una</strong></span> <span class='ocrx_word' id='word_1_168' title='bbox 1077 2429 1110 2486; x_wconf 90' lang='lat' dir='ltr'><strong>et</strong></span> <span class='ocrx_word' id='word_1_169' title='bbox 1130 2419 1361 2503; x_wconf 72' lang='lat' dir='ltr'><strong>incarceratos,</strong></span> 
     </span>
     <span class='ocr_line' id='line_1_21' title="bbox 70 2521 1361 2618; baseline -0.001 -24"><span class='ocrx_word' id='word_1_170' title='bbox 70 2530 127 2618; x_wconf 81' lang='lat' dir='ltr'><strong>qui</strong></span> <span class='ocrx_word' id='word_1_171' title='bbox 148 2530 184 2595; x_wconf 90' lang='lat' dir='ltr'><strong>in</strong></span> <span class='ocrx_word' id='word_1_172' title='bbox 204 2525 393 2615; x_wconf 78' lang='lat' dir='ltr'><strong>captivitate</strong></span> <span class='ocrx_word' id='word_1_173' title='bbox 413 2532 529 2590; x_wconf 85' lang='lat' dir='ltr'><strong>nostra</strong></span> <span class='ocrx_word' id='word_1_174' title='bbox 550 2521 747 2617; x_wconf 86' lang='lat' dir='ltr'><strong>detinentur,</strong></span> <span class='ocrx_word' id='word_1_175' title='bbox 778 2524 926 2612; x_wconf 88' lang='lat' dir='ltr'><strong>aliosque</strong></span> <span class='ocrx_word' id='word_1_176' title='bbox 949 2547 993 2592; x_wconf 86' lang='lat' dir='ltr'><strong>ex</strong></span> <span class='ocrx_word' id='word_1_177' title='bbox 1013 2525 1095 2592; x_wconf 90' lang='lat' dir='ltr'><strong>urbe</strong></span> <span class='ocrx_word' id='word_1_178' title='bbox 1116 2526 1278 2612; x_wconf 83' lang='lat' dir='ltr'><strong>Pragensi</strong></span> <span class='ocrx_word' id='word_1_179' title='bbox 1304 2546 1361 2593; x_wconf 80' lang='lat' dir='ltr'><strong>ex·</strong></span> 
     </span>
     <span class='ocr_line' id='line_1_22' title="bbox 69 2621 1361 2720; baseline 0.001 -21"><span class='ocrx_word' id='word_1_180' title='bbox 69 2621 191 2716; x_wconf 77' lang='lat' dir='ltr'><strong>sessos,</strong></span> <span class='ocrx_word' id='word_1_181' title='bbox 213 2640 305 2720; x_wconf 89' lang='lat' dir='ltr'><strong>parte</strong></span> <span class='ocrx_word' id='word_1_182' title='bbox 328 2627 632 2714; x_wconf 80' lang='lat' dir='ltr'><strong>exaltem-exortae</strong></span> <span class='ocrx_word' id='word_1_183' title='bbox 652 2629 793 2714; x_wconf 78' lang='lat' dir='ltr'><strong>filerunt,</strong></span> <span class='ocrx_word' id='word_1_184' title='bbox 817 2628 1004 2716; x_wconf 81' lang='lat' dir='ltr'><strong>exaudient,</strong></span> <span class='ocrx_word' id='word_1_185' title='bbox 1028 2630 1115 2719; x_wconf 91' lang='lat' dir='ltr'><strong>quod</strong></span> <span class='ocrx_word' id='word_1_186' title='bbox 1128 2631 1226 2696; x_wconf 85' lang='lat' dir='ltr'><strong>etiam</strong></span> <span class='ocrx_word' id='word_1_187' title='bbox 1239 2632 1361 2700; x_wconf 80' lang='lat' dir='ltr'><strong>laetum</strong></span> 
     </span>
     <span class='ocr_line' id='line_1_23' title="bbox 66 2733 1360 2823; baseline 0 -20"><span class='ocrx_word' id='word_1_188' title='bbox 66 2738 139 2822; x_wconf 85' lang='lat' dir='ltr'><strong>fuit,</strong></span> <span class='ocrx_word' id='word_1_189' title='bbox 162 2736 323 2823; x_wconf 90' lang='lat' dir='ltr'><strong>nobisque</strong></span> <span class='ocrx_word' id='word_1_190' title='bbox 357 2733 507 2821; x_wconf 84' lang='lat' dir='ltr'><strong>querelas</strong></span> <span class='ocrx_word' id='word_1_191' title='bbox 537 2744 569 2798; x_wconf 89' lang='lat' dir='ltr'><strong>et</strong></span> <span class='ocrx_word' id='word_1_192' title='bbox 590 2755 747 2821; x_wconf 90' lang='lat' dir='ltr'><strong>responsa</strong></span> <span class='ocrx_word' id='word_1_193' title='bbox 768 2736 879 2823; x_wconf 84' lang='lat' dir='ltr'><strong>pertis</strong></span> <span class='ocrx_word' id='word_1_194' title='bbox 893 2736 1072 2823; x_wconf 85' lang='lat' dir='ltr'><strong>utriusque,</strong></span> <span class='ocrx_word' id='word_1_195' title='bbox 1103 2737 1189 2802; x_wconf 86' lang='lat' dir='ltr'><strong>siout</strong></span> <span class='ocrx_word' id='word_1_196' title='bbox 1209 2737 1276 2803; x_wconf 90' lang='lat' dir='ltr'><strong>illis</strong></span> <span class='ocrx_word' id='word_1_197' title='bbox 1298 2746 1360 2803; x_wconf 84' lang='lat' dir='ltr'><strong>tra-</strong></span> 
     </span>
     <span class='ocr_line' id='line_1_24' title="bbox 69 2839 1356 2933; baseline 0 -25"><span class='ocrx_word' id='word_1_198' title='bbox 69 2844 140 2908; x_wconf 88' lang='lat' dir='ltr'><strong>dita</strong></span> <span class='ocrx_word' id='word_1_199' title='bbox 162 2842 303 2933; x_wconf 82' lang='lat' dir='ltr'><strong>fuerunt,</strong></span> <span class='ocrx_word' id='word_1_200' title='bbox 340 2840 606 2923; x_wconf 79' lang='lat' dir='ltr'><strong>transmiserunt3</strong></span> <span class='ocrx_word' id='word_1_201' title='bbox 637 2860 711 2903; x_wconf 87' lang='lat' dir='ltr'><strong>eum</strong></span> <span class='ocrx_word' id='word_1_202' title='bbox 747 2840 848 2924; x_wconf 86' lang='lat' dir='ltr'><strong>igitur</strong></span> <span class='ocrx_word' id='word_1_203' title='bbox 870 2861 914 2905; x_wconf 87' lang='lat' dir='ltr'><strong>ex</strong></span> <span class='ocrx_word' id='word_1_204' title='bbox 935 2839 986 2905; x_wconf 91' lang='lat' dir='ltr'><strong>his</strong></span> <span class='ocrx_word' id='word_1_205' title='bbox 1007 2841 1110 2906; x_wconf 89' lang='lat' dir='ltr'><strong>literis</strong></span> <span class='ocrx_word' id='word_1_206' title='bbox 1140 2844 1356 2930; x_wconf 81' lang='lat' dir='ltr'><strong>responsoriis</strong></span> 
     </span>
     <span class='ocr_line' id='line_1_25' title="bbox 69 2889 1356 3034; baseline 0.001 -22"><span class='ocrx_word' id='word_1_207' title='bbox 69 2955 109 3012; x_wconf 86' lang='lat' dir='ltr'><strong>et</strong></span> <span class='ocrx_word' id='word_1_208' title='bbox 124 2925 208 3012; x_wconf 86' lang='lat' dir='ltr'><strong>relat</strong></span> <span class='ocrx_word' id='word_1_209' title='bbox 209 2944 338 3011; x_wconf 84' lang='lat' dir='ltr'><strong>ionibus</strong></span> <span class='ocrx_word' id='word_1_210' title='bbox 361 2941 538 3010; x_wconf 89' lang='lat' dir='ltr'><strong>eorundem</strong></span> <span class='ocrx_word' id='word_1_211' title='bbox 560 2889 827 3015; x_wconf 79' lang='lat' dir='ltr'><strong>inlellexerimus</strong></span> <span class='ocrx_word' id='word_1_212' title='bbox 852 2951 885 3008; x_wconf 89' lang='lat' dir='ltr'><strong>et</strong></span> <span class='ocrx_word' id='word_1_213' title='bbox 915 2946 1167 3033; x_wconf 85' lang='lat' dir='ltr'><strong>perceperimus,</strong></span> <span class='ocrx_word' id='word_1_214' title='bbox 1193 2947 1286 3034; x_wconf 91' lang='lat' dir='ltr'><strong>quod</strong></span> <span class='ocrx_word' id='word_1_215' title='bbox 1306 2947 1356 3013; x_wconf 90' lang='lat' dir='ltr'><strong>illi</strong></span> 
     </span>
     <span class='ocr_line' id='line_1_26' title="bbox 67 3046 1356 3147; baseline -0.002 -27"><span class='ocrx_word' id='word_1_216' title='bbox 67 3054 266 3120; x_wconf 84' lang='lat' dir='ltr'><strong>incarcerati</strong></span> <span class='ocrx_word' id='word_1_217' title='bbox 289 3074 331 3147; x_wconf 71' lang='grc' dir='ltr'><strong>ιιι</strong></span> <span class='ocrx_word' id='word_1_218' title='bbox 352 3050 442 3114; x_wconf 90' lang='lat' dir='ltr'><strong>mult</strong></span> <span class='ocrx_word' id='word_1_219' title='bbox 420 3058 462 3114; x_wconf 86' lang='lat' dir='ltr'><strong>trs</strong></span> <span class='ocrx_word' id='word_1_220' title='bbox 486 3046 665 3147; x_wconf 88' lang='lat' dir='ltr'><strong>rationibus</strong></span> <span class='ocrx_word' id='word_1_221' title='bbox 687 3048 819 3114; x_wconf 85' lang='lat' dir='ltr'><strong>insimul</strong></span> <span class='ocrx_word' id='word_1_222' title='bbox 841 3070 1033 3137; x_wconf 84' lang='lat' dir='ltr'><strong>permanere</strong></span> <span class='ocrx_word' id='word_1_223' title='bbox 1066 3052 1129 3115; x_wconf 88' lang='lat' dir='ltr'><strong>et&#39;</strong></span> <span class='ocrx_word' id='word_1_224' title='bbox 1119 3072 1155 3115; x_wconf 90' lang='grc' dir='ltr'><strong>ιιι</strong></span> <span class='ocrx_word' id='word_1_225' title='bbox 1175 3050 1257 3117; x_wconf 90' lang='lat' dir='ltr'><strong>urbe</strong></span> <span class='ocrx_word' id='word_1_226' title='bbox 1279 3050 1356 3117; x_wconf 83' lang='lat' dir='ltr'><strong>Pra·</strong></span> 
     </span>
     <span class='ocr_line' id='line_1_27' title="bbox 67 3140 1357 3259; baseline 0 -36"><span class='ocrx_word' id='word_1_227' title='bbox 67 3160 165 3259; x_wconf 86' lang='lat' dir='ltr'><strong>gensi</strong></span> <span class='ocrx_word' id='word_1_228' title='bbox 186 3157 277 3222; x_wconf 80' lang='lat' dir='ltr'><strong>habit</strong></span> <span class='ocrx_word' id='word_1_229' title='bbox 265 3140 333 3220; x_wconf 77' lang='lat' dir='ltr'><strong>tore</strong></span> <span class='ocrx_word' id='word_1_230' title='bbox 354 3161 537 3251; x_wconf 84' lang='lat' dir='ltr'><strong>nequeant:</strong></span> <span class='ocrx_word' id='word_1_231' title='bbox 576 3142 615 3218; x_wconf 84' lang='lat' dir='ltr'><strong>ea</strong></span> <span class='ocrx_word' id='word_1_232' title='bbox 636 3151 679 3218; x_wconf 92' lang='lat' dir='ltr'><strong>de</strong></span> <span class='ocrx_word' id='word_1_233' title='bbox 700 3172 800 3217; x_wconf 85' lang='lat' dir='ltr'><strong>causa</strong></span> <span class='ocrx_word' id='word_1_234' title='bbox 820 3151 915 3220; x_wconf 81' lang='lat' dir='ltr'><strong>vobis</strong></span> <span class='ocrx_word' id='word_1_235' title='bbox 937 3154 1087 3240; x_wconf 80' lang='lat' dir='ltr'><strong>captivis,</strong></span> <span class='ocrx_word' id='word_1_236' title='bbox 1125 3163 1159 3220; x_wconf 88' lang='lat' dir='ltr'><strong>et</strong></span> <span class='ocrx_word' id='word_1_237' title='bbox 1179 3154 1263 3254; x_wconf 78' lang='lat' dir='ltr'><strong>aliis,</strong></span> <span class='ocrx_word' id='word_1_238' title='bbox 1299 3158 1357 3244; x_wconf 87' lang='lat' dir='ltr'><strong>qui</strong></span> 
     </span>
     <span class='ocr_line' id='line_1_28' title="bbox 63 3252 1361 3342; baseline -0.002 -14"><span class='ocrx_word' id='word_1_239' title='bbox 63 3252 262 3329; x_wconf 85' lang='lat' dir='ltr'><strong>durantibus</strong></span> <span class='ocrx_word' id='word_1_240' title='bbox 286 3259 337 3325; x_wconf 86' lang='lat' dir='ltr'><strong>his</strong></span> <span class='ocrx_word' id='word_1_241' title='bbox 359 3256 502 3324; x_wconf 83' lang='lat' dir='ltr'><strong>dissidiis</strong></span> <span class='ocrx_word' id='word_1_242' title='bbox 524 3278 568 3321; x_wconf 88' lang='lat' dir='ltr'><strong>ex</strong></span> <span class='ocrx_word' id='word_1_243' title='bbox 588 3255 671 3322; x_wconf 88' lang='lat' dir='ltr'><strong>urbe</strong></span> <span class='ocrx_word' id='word_1_244' title='bbox 693 3258 892 3341; x_wconf 81' lang='lat' dir='ltr'><strong>excessistis,</strong></span> <span class='ocrx_word' id='word_1_245' title='bbox 915 3258 1118 3342; x_wconf 84' lang='lat' dir='ltr'><strong>mandamus,</strong></span> <span class='ocrx_word' id='word_1_246' title='bbox 1141 3259 1361 3327; x_wconf 85' lang='lat' dir='ltr'><strong>utsinsouiui</strong></span> 
     </span>
     <span class='ocr_line' id='line_1_29' title="bbox 70 3361 1358 3454; baseline -0.002 -22"><span class='ocrx_word' id='word_1_247' title='bbox 70 3389 164 3434; x_wconf 87' lang='lat' dir='ltr'><strong>mora</strong></span> <span class='ocrx_word' id='word_1_248' title='bbox 187 3375 219 3433; x_wconf 87' lang='lat' dir='ltr'><strong>et</strong></span> <span class='ocrx_word' id='word_1_249' title='bbox 240 3363 486 3454; x_wconf 85' lang='lat' dir='ltr'><strong>prolongatione</strong></span> <span class='ocrx_word' id='word_1_250' title='bbox 508 3361 595 3435; x_wconf 84' lang='lat' dir='ltr'><strong>bona</strong></span> <span class='ocrx_word' id='word_1_251' title='bbox 616 3370 650 3425; x_wconf 88' lang='lat' dir='ltr'><strong>et</strong></span> <span class='ocrx_word' id='word_1_252' title='bbox 670 3384 724 3427; x_wconf 89' lang='lat' dir='ltr'><strong>res</strong></span> <span class='ocrx_word' id='word_1_253' title='bbox 747 3371 872 3429; x_wconf 84' lang='lat' dir='ltr'><strong>vestras</strong></span> <span class='ocrx_word' id='word_1_254' title='bbox 894 3361 1041 3446; x_wconf 87' lang='lat' dir='ltr'><strong>mobiles,</strong></span> <span class='ocrx_word' id='word_1_255' title='bbox 1066 3384 1149 3450; x_wconf 85' lang='lat' dir='ltr'><strong>quae</strong></span> <span class='ocrx_word' id='word_1_256' title='bbox 1172 3370 1205 3428; x_wconf 88' lang='lat' dir='ltr'><strong>et</strong></span> <span class='ocrx_word' id='word_1_257' title='bbox 1226 3385 1306 3451; x_wconf 82' lang='lat' dir='ltr'><strong>ques</strong></span> <span class='ocrx_word' id='word_1_258' title='bbox 1323 3365 1358 3430; x_wconf 88' lang='lat' dir='ltr'><strong>in</strong></span> 
     </span>
     <span class='ocr_line' id='line_1_30' title="bbox 68 3466 1353 3557; baseline -0.005 -17"><span class='ocrx_word' id='word_1_259' title='bbox 68 3475 204 3541; x_wconf 78' lang='lat' dir='ltr'><strong>civitate</strong></span> <span class='ocrx_word' id='word_1_260' title='bbox 226 3480 337 3536; x_wconf 89' lang='lat' dir='ltr'><strong>nostra</strong></span> <span class='ocrx_word' id='word_1_261' title='bbox 357 3470 526 3556; x_wconf 82' lang='lat' dir='ltr'><strong>Progensi,</strong></span> <span class='ocrx_word' id='word_1_262' title='bbox 557 3477 614 3535; x_wconf 85' lang='lat' dir='ltr'><strong>aut</strong></span> <span class='ocrx_word' id='word_1_263' title='bbox 641 3490 743 3557; x_wconf 88' lang='lat' dir='ltr'><strong>prope</strong></span> <span class='ocrx_word' id='word_1_264' title='bbox 765 3488 785 3531; x_wconf 82' lang='lat' dir='ltr'><strong>a</strong></span> <span class='ocrx_word' id='word_1_265' title='bbox 807 3469 939 3533; x_wconf 83' lang='lat' dir='ltr'><strong>civitate</strong></span> <span class='ocrx_word' id='word_1_266' title='bbox 962 3466 1089 3533; x_wconf 85' lang='lat' dir='ltr'><strong>bebetis</strong></span> <span class='ocrx_word' id='word_1_267' title='bbox 1112 3477 1145 3533; x_wconf 91' lang='lat' dir='ltr'><strong>et</strong></span> <span class='ocrx_word' id='word_1_268' title='bbox 1166 3468 1353 3557; x_wconf 88' lang='lat' dir='ltr'><strong>possidetis,</strong></span> 
     </span>
     <span class='ocr_line' id='line_1_31' title="bbox 71 3571 1353 3659; baseline -0.003 -15"><span class='ocrx_word' id='word_1_269' title='bbox 71 3578 251 3657; x_wconf 74' lang='lat' dir='ltr'><strong>divendere</strong></span> <span class='ocrx_word' id='word_1_270' title='bbox 281 3577 400 3642; x_wconf 81' lang='lat' dir='ltr'><strong>curetis</strong></span> <span class='ocrx_word' id='word_1_271' title='bbox 423 3584 520 3640; x_wconf 88' lang='lat' dir='ltr'><strong>etex</strong></span> <span class='ocrx_word' id='word_1_272' title='bbox 542 3573 674 3639; x_wconf 87' lang='lat' dir='ltr'><strong>civitate</strong></span> <span class='ocrx_word' id='word_1_273' title='bbox 704 3573 874 3659; x_wconf 69' lang='lat' dir='ltr'><strong>Pragensi</strong></span> <span class='ocrx_word' id='word_1_274' title='bbox 903 3571 959 3638; x_wconf 92' lang='lat' dir='ltr'><strong>ubi</strong></span> <span class='ocrx_word' id='word_1_275' title='bbox 987 3594 1074 3638; x_wconf 87' lang='lat' dir='ltr'><strong>nune</strong></span> <span class='ocrx_word' id='word_1_276' title='bbox 1096 3572 1259 3657; x_wconf 81' lang='lat' dir='ltr'><strong>habitatis,</strong></span> <span class='ocrx_word' id='word_1_277' title='bbox 1286 3573 1353 3640; x_wconf 84' lang='lat' dir='ltr'><strong>alio</strong></span> 
     </span>
     <span class='ocr_line' id='line_1_32' title="bbox 70 3677 1357 3766; baseline -0.003 -16"><span class='ocrx_word' id='word_1_278' title='bbox 70 3704 131 3750; x_wconf 85' lang='lat' dir='ltr'><strong>vos</strong></span> <span class='ocrx_word' id='word_1_279' title='bbox 155 3681 377 3766; x_wconf 81' lang='lat' dir='ltr'><strong>transferatis,</strong></span> <span class='ocrx_word' id='word_1_280' title='bbox 390 3681 460 3745; x_wconf 89' lang='lat' dir='ltr'><strong>sine</strong></span> <span class='ocrx_word' id='word_1_281' title='bbox 483 3679 572 3745; x_wconf 91' lang='lat' dir='ltr'><strong>omni</strong></span> <span class='ocrx_word' id='word_1_282' title='bbox 592 3677 825 3766; x_wconf 86' lang='lat' dir='ltr'><strong>impedimento</strong></span> <span class='ocrx_word' id='word_1_283' title='bbox 847 3679 951 3765; x_wconf 91' lang='lat' dir='ltr'><strong>partis</strong></span> <span class='ocrx_word' id='word_1_284' title='bbox 970 3678 1114 3756; x_wconf 82' lang='lat' dir='ltr'><strong>alterius,</strong></span> <span class='ocrx_word' id='word_1_285' title='bbox 1137 3699 1255 3766; x_wconf 88' lang='lat' dir='ltr'><strong>nempe</strong></span> <span class='ocrx_word' id='word_1_286' title='bbox 1278 3679 1357 3746; x_wconf 85' lang='lat' dir='ltr'><strong>Pre-</strong></span> 
     </span>
     <span class='ocr_line' id='line_1_33' title="bbox 68 3782 1358 3874; baseline 0 -23"><span class='ocrx_word' id='word_1_287' title='bbox 68 3789 230 3874; x_wconf 81' lang='lat' dir='ltr'><strong>gensium,</strong></span> <span class='ocrx_word' id='word_1_288' title='bbox 267 3784 363 3850; x_wconf 91' lang='lat' dir='ltr'><strong>modo</strong></span> <span class='ocrx_word' id='word_1_289' title='bbox 385 3792 496 3849; x_wconf 85' lang='lat' dir='ltr'><strong>temen</strong></span> <span class='ocrx_word' id='word_1_290' title='bbox 517 3783 679 3868; x_wconf 90' lang='lat' dir='ltr'><strong>sequenti:</strong></span> <span class='ocrx_word' id='word_1_291' title='bbox 714 3782 801 3869; x_wconf 92' lang='lat' dir='ltr'><strong>quod</strong></span> <span class='ocrx_word' id='word_1_292' title='bbox 827 3783 1015 3871; x_wconf 88' lang='lat' dir='ltr'><strong>quicunque</strong></span> <span class='ocrx_word' id='word_1_293' title='bbox 1048 3784 1084 3848; x_wconf 88' lang='lat' dir='ltr'><strong>in</strong></span> <span class='ocrx_word' id='word_1_294' title='bbox 1113 3804 1215 3871; x_wconf 85' lang='lat' dir='ltr'><strong>regno</strong></span> <span class='ocrx_word' id='word_1_295' title='bbox 1248 3793 1358 3852; x_wconf 65' lang='lat' dir='ltr'><strong>nosne</strong></span> 
     </span>
     <span class='ocr_line' id='line_1_34' title="bbox 69 3889 1357 3980; baseline 0.003 -23"><span class='ocrx_word' id='word_1_296' title='bbox 69 3891 264 3973; x_wconf 80' lang='lat' dir='ltr'><strong>Bohsmiae</strong></span> <span class='ocrx_word' id='word_1_297' title='bbox 293 3900 349 3954; x_wconf 86' lang='lat' dir='ltr'><strong>ant</strong></span> <span class='ocrx_word' id='word_1_298' title='bbox 381 3891 416 3955; x_wconf 92' lang='lat' dir='ltr'><strong>in</strong></span> <span class='ocrx_word' id='word_1_299' title='bbox 437 3890 511 3956; x_wconf 89' lang='lat' dir='ltr'><strong>aliis</strong></span> <span class='ocrx_word' id='word_1_300' title='bbox 533 3892 630 3956; x_wconf 90' lang='lat' dir='ltr'><strong>terris</strong></span> <span class='ocrx_word' id='word_1_301' title='bbox 653 3889 802 3956; x_wconf 85' lang='lat' dir='ltr'><strong>babitare</strong></span> <span class='ocrx_word' id='word_1_302' title='bbox 825 3900 857 3956; x_wconf 87' lang='lat' dir='ltr'><strong>et</strong></span> <span class='ocrx_word' id='word_1_303' title='bbox 878 3911 1069 3980; x_wconf 81' lang='lat' dir='ltr'><strong>permanere</strong></span> <span class='ocrx_word' id='word_1_304' title='bbox 1091 3892 1242 3976; x_wconf 88' lang='lat' dir='ltr'><strong>voluerit,</strong></span> <span class='ocrx_word' id='word_1_305' title='bbox 1275 3893 1357 3960; x_wconf 84' lang='lat' dir='ltr'><strong>illud</strong></span> 
     </span>
     <span class='ocr_line' id='line_1_35' title="bbox 66 3994 1355 4082; baseline 0.005 -24"><span class='ocrx_word' id='word_1_306' title='bbox 66 4005 139 4060; x_wconf 86' lang='lat' dir='ltr'><strong>tute</strong></span> <span class='ocrx_word' id='word_1_307' title='bbox 162 4018 201 4059; x_wconf 84' lang='lat' dir='ltr'><strong>oc</strong></span> <span class='ocrx_word' id='word_1_308' title='bbox 223 3994 326 4060; x_wconf 89' lang='lat' dir='ltr'><strong>libere</strong></span> <span class='ocrx_word' id='word_1_309' title='bbox 347 3994 456 4059; x_wconf 78' lang='lat' dir='ltr'><strong>facere</strong></span> <span class='ocrx_word' id='word_1_310' title='bbox 476 3996 580 4082; x_wconf 90' lang='lat' dir='ltr'><strong>possit</strong></span> <span class='ocrx_word' id='word_1_311' title='bbox 601 4003 634 4060; x_wconf 90' lang='lat' dir='ltr'><strong>et</strong></span> <span class='ocrx_word' id='word_1_312' title='bbox 654 3994 793 4060; x_wconf 88' lang='lat' dir='ltr'><strong>liberum</strong></span> <span class='ocrx_word' id='word_1_313' title='bbox 814 3995 863 4059; x_wconf 90' lang='lat' dir='ltr'><strong>illi</strong></span> <span class='ocrx_word' id='word_1_314' title='bbox 887 3996 943 4080; x_wconf 78' lang='lat' dir='ltr'><strong>sit3</strong></span> <span class='ocrx_word' id='word_1_315' title='bbox 977 3997 1170 4082; x_wconf 84' lang='lat' dir='ltr'><strong>praeprimis</strong></span> <span class='ocrx_word' id='word_1_316' title='bbox 1191 4016 1271 4064; x_wconf 72' lang='lat' dir='ltr'><strong>vero</strong></span> <span class='ocrx_word' id='word_1_317' title='bbox 1297 4020 1355 4065; x_wconf 86' lang='lat' dir='ltr'><strong>no·</strong></span> 
     </span>
     <span class='ocr_line' id='line_1_36' title="bbox 69 4099 1351 4169; baseline 0.002 -2"><span class='ocrx_word' id='word_1_318' title='bbox 69 4100 198 4167; x_wconf 73' lang='lat' dir='ltr'><strong>bissem</strong></span> <span class='ocrx_word' id='word_1_319' title='bbox 220 4111 254 4163; x_wconf 87' lang='lat' dir='ltr'><strong>et</strong></span> <span class='ocrx_word' id='word_1_320' title='bbox 275 4100 348 4164; x_wconf 89' lang='lat' dir='ltr'><strong>aliis</strong></span> <span class='ocrx_word' id='word_1_321' title='bbox 371 4100 557 4166; x_wconf 79' lang='lat' dir='ltr'><strong>christianis</strong></span> <span class='ocrx_word' id='word_1_322' title='bbox 593 4101 629 4165; x_wconf 91' lang='lat' dir='ltr'><strong>in</strong></span> <span class='ocrx_word' id='word_1_323' title='bbox 649 4101 876 4166; x_wconf 89' lang='lat' dir='ltr'><strong>communione</strong></span> <span class='ocrx_word' id='word_1_324' title='bbox 900 4109 1032 4165; x_wconf 71' lang='lat' dir='ltr'><strong>sanatam</strong></span> <span class='ocrx_word' id='word_1_325' title='bbox 1054 4099 1251 4167; x_wconf 84' lang='lat' dir='ltr'><strong>christianes</strong></span> <span class='ocrx_word' id='word_1_326' title='bbox 1272 4103 1351 4169; x_wconf 85' lang='lat' dir='ltr'><strong>fidei</strong></span> 
     </span>
     <span class='ocr_line' id='line_1_37' title="bbox 66 4204 1405 4289; baseline 0.003 -19"><span class='ocrx_word' id='word_1_327' title='bbox 66 4226 128 4270; x_wconf 88' lang='lat' dir='ltr'><strong>vos</strong></span> <span class='ocrx_word' id='word_1_328' title='bbox 150 4204 349 4269; x_wconf 76' lang='lat' dir='ltr'><strong>concordare</strong></span> <span class='ocrx_word' id='word_1_329' title='bbox 367 4220 507 4278; x_wconf 75' lang='lat' dir='ltr'><strong>&#39;necesse</strong></span> <span class='ocrx_word' id='word_1_330' title='bbox 529 4215 587 4289; x_wconf 86' lang='lat' dir='ltr'><strong>est,</strong></span> <span class='ocrx_word' id='word_1_331' title='bbox 622 4224 734 4272; x_wconf 87' lang='lat' dir='ltr'><strong>omues</strong></span> <span class='ocrx_word' id='word_1_332' title='bbox 769 4225 892 4272; x_wconf 89' lang='lat' dir='ltr'><strong>errores</strong></span> <span class='ocrx_word' id='word_1_333' title='bbox 915 4204 1141 4273; x_wconf 79' lang='lat' dir='ltr'><strong>Piclrbertiees</strong></span> <span class='ocrx_word' id='word_1_334' title='bbox 1164 4205 1355 4274; x_wconf 82' lang='lat' dir='ltr'><strong>deserentes</strong></span> <span class='ocrx_word' id='word_1_335' title='bbox 1403 4217 1405 4221; x_wconf 84' lang='lat'>&#39;</span> 
     </span>
     <span class='ocr_line' id='line_1_38' title="bbox 50 4310 1447 4399; baseline 0.003 -24"><span class='ocrx_word' id='word_1_336' title='bbox 50 4315 102 4375; x_wconf 76' lang='lat' dir='ltr'><strong>&#39;et</strong></span> <span class='ocrx_word' id='word_1_337' title='bbox 122 4311 359 4398; x_wconf 81' lang='lat' dir='ltr'><strong>relinquentes,</strong></span> <span class='ocrx_word' id='word_1_338' title='bbox 382 4333 421 4376; x_wconf 85' lang='lat' dir='ltr'><strong>ac</strong></span> <span class='ocrx_word' id='word_1_339' title='bbox 443 4313 587 4376; x_wconf 85' lang='lat' dir='ltr'><strong>animum</strong></span> <span class='ocrx_word' id='word_1_340' title='bbox 609 4312 776 4378; x_wconf 81' lang='lat' dir='ltr'><strong>vindictae</strong></span> <span class='ocrx_word' id='word_1_341' title='bbox 798 4310 1003 4399; x_wconf 80' lang='lat' dir='ltr'><strong>abjicientes.</strong></span> <span class='ocrx_word' id='word_1_342' title='bbox 1035 4311 1131 4392; x_wconf 78' lang='lat' dir='ltr'><strong>Quod</strong></span> <span class='ocrx_word' id='word_1_343' title='bbox 1154 4313 1183 4376; x_wconf 88' lang='lat' dir='ltr'><strong>si</strong></span> <span class='ocrx_word' id='word_1_344' title='bbox 1204 4313 1358 4379; x_wconf 80' lang='lat' dir='ltr'><strong>mandata</strong></span> <span class='ocrx_word' id='word_1_345' title='bbox 1445 4320 1447 4324; x_wconf 80' lang='grc'><strong>’</strong></span> 
     </span>
     <span class='ocr_line' id='line_1_39' title="bbox 66 4415 1356 4504; baseline 0.004 -24"><span class='ocrx_word' id='word_1_346' title='bbox 66 4427 182 4481; x_wconf 75' lang='lat' dir='ltr'><strong>nostra</strong></span> <span class='ocrx_word' id='word_1_347' title='bbox 203 4415 383 4502; x_wconf 84' lang='lat' dir='ltr'><strong>adimplere</strong></span> <span class='ocrx_word' id='word_1_348' title='bbox 404 4415 626 4502; x_wconf 80' lang='lat' dir='ltr'><strong>neglexeritis,</strong></span> <span class='ocrx_word' id='word_1_349' title='bbox 650 4436 689 4482; x_wconf 91' lang='lat' dir='ltr'><strong>eo</strong></span> <span class='ocrx_word' id='word_1_350' title='bbox 711 4417 783 4504; x_wconf 89' lang='lat' dir='ltr'><strong>ipso</strong></span> <span class='ocrx_word' id='word_1_351' title='bbox 805 4418 839 4481; x_wconf 87' lang='lat' dir='ltr'><strong>in</strong></span> <span class='ocrx_word' id='word_1_352' title='bbox 860 4418 1071 4483; x_wconf 86' lang='lat' dir='ltr'><strong>amissionem</strong></span> <span class='ocrx_word' id='word_1_353' title='bbox 1093 4416 1181 4483; x_wconf 77' lang='lat' dir='ltr'><strong>vitae</strong></span> <span class='ocrx_word' id='word_1_354' title='bbox 1204 4427 1237 4484; x_wconf 91' lang='lat' dir='ltr'><strong>et</strong></span> <span class='ocrx_word' id='word_1_355' title='bbox 1254 4419 1356 4485; x_wconf 87' lang='lat' dir='ltr'><strong>beno·</strong></span> 
     </span>
     <span class='ocr_line' id='line_1_40' title="bbox 65 4519 1356 4612; baseline 0.005 -28"><span class='ocrx_word' id='word_1_356' title='bbox 65 4536 142 4584; x_wconf 82' lang='lat' dir='ltr'><strong>rum</strong></span> <span class='ocrx_word' id='word_1_357' title='bbox 163 4519 316 4583; x_wconf 84' lang='lat' dir='ltr'><strong>incidetis</strong></span> <span class='ocrx_word' id='word_1_358' title='bbox 349 4528 383 4584; x_wconf 89' lang='lat' dir='ltr'><strong>et</strong></span> <span class='ocrx_word' id='word_1_359' title='bbox 404 4528 518 4585; x_wconf 84' lang='lat' dir='ltr'><strong>eontra</strong></span> <span class='ocrx_word' id='word_1_360' title='bbox 537 4542 598 4586; x_wconf 78' lang='lat' dir='ltr'><strong>vos</strong></span> <span class='ocrx_word' id='word_1_361' title='bbox 631 4530 709 4586; x_wconf 87' lang='lat' dir='ltr'><strong>tunc</strong></span> <span class='ocrx_word' id='word_1_362' title='bbox 744 4522 922 4587; x_wconf 83' lang='lat' dir='ltr'><strong>secundum</strong></span> <span class='ocrx_word' id='word_1_363' title='bbox 940 4526 1017 4612; x_wconf 85' lang='lat' dir='ltr'><strong>jura</strong></span> <span class='ocrx_word' id='word_1_364' title='bbox 1037 4522 1193 4610; x_wconf 74' lang='lat' dir='ltr'><strong>progredi</strong></span> <span class='ocrx_word' id='word_1_365' title='bbox 1215 4525 1356 4590; x_wconf 87' lang='lat' dir='ltr'><strong>necessi·</strong></span> 
     </span>
     <span class='ocr_line' id='line_1_41' title="bbox 67 4622 1357 4715; baseline 0.007 -26"><span class='ocrx_word' id='word_1_366' title='bbox 67 4633 222 4689; x_wconf 73' lang='lat' dir='ltr'><strong>iubemur.</strong></span> <span class='ocrx_word' id='word_1_367' title='bbox 242 4625 367 4713; x_wconf 70' lang='lat' dir='ltr'><strong>dietum</strong></span> <span class='ocrx_word' id='word_1_368' title='bbox 388 4622 504 4689; x_wconf 68' lang='lat' dir='ltr'><strong>Bestiae</strong></span> <span class='ocrx_word' id='word_1_369' title='bbox 525 4624 1140 4715; x_wconf 58' lang='lat' dir='ltr'><strong>disDeminioapostdiemdLuoiae,</strong></span> <span class='ocrx_word' id='word_1_370' title='bbox 1161 4630 1357 4698; x_wconf 80' lang='lat' dir='ltr'><strong>snn01524.</strong></span> 
     </span>
    </p>

    <p class='ocr_par' dir='ltr' id='par_1_7' title="bbox 150 4724 1390 4818">
     <span class='ocr_line' id='line_1_42' title="bbox 150 4724 1390 4818; baseline -0.002 -24"><span class='ocrx_word' id='word_1_371' title='bbox 150 4724 227 4795; x_wconf 78' lang='lat' dir='ltr'><strong>lise</strong></span> <span class='ocrx_word' id='word_1_372' title='bbox 243 4737 324 4794; x_wconf 76' lang='lat' dir='ltr'><strong>:sunt</strong></span> <span class='ocrx_word' id='word_1_373' title='bbox 350 4727 430 4812; x_wconf 70' lang='lat' dir='ltr'><strong>illae</strong></span> <span class='ocrx_word' id='word_1_374' title='bbox 458 4732 573 4818; x_wconf 65' lang='lat' dir='ltr'><strong>regiae</strong></span> <span class='ocrx_word' id='word_1_375' title='bbox 600 4730 719 4804; x_wconf 72' lang='lat' dir='ltr'><strong>utem</strong></span> <span class='ocrx_word' id='word_1_376' title='bbox 751 4730 796 4800; x_wconf 84' lang='lat' dir='ltr'><strong>ed</strong></span> <span class='ocrx_word' id='word_1_377' title='bbox 827 4725 1104 4803; x_wconf 69' lang='lat' dir='ltr'><strong>internetionem</strong></span> <span class='ocrx_word' id='word_1_378' title='bbox 1116 4732 1226 4798; x_wconf 70' lang='lat' dir='ltr'><strong>bano</strong></span> <span class='ocrx_word' id='word_1_379' title='bbox 1254 4731 1390 4806; x_wconf 64' lang='lat' dir='ltr'><strong>editas,</strong></span> 
     </span>
    </p>
   </div>
   <div class='ocr_carea' id='block_1_6' title="bbox 0 0 1478 5040">
    <p class='ocr_par' dir='ltr' id='par_1_8' title="bbox 0 0 1478 5040">
     <span class='ocr_line' id='line_1_43' title="bbox 0 0 1478 5040; baseline 0 0"><span class='ocrx_word' id='word_1_380' title='bbox 0 0 1478 5040; x_wconf 95' lang='lat' dir='ltr'><strong> </strong></span> 
     </span>
    </p>
   </div>
  </div>
 </body>
</html>
