2948 5040
1316 150 1379 219 157

84 329 199 388 tresve
220 320 291 389 dies
313 324 435 390 occlusi
449 342 640 411 permanere
661 320 854 405 debuerunt,
875 320 1000 407 provisi
1021 316 1184 408 lapidibus
1207 328 1244 386 ut
1265 343 1300 387 se
1323 322 1378 389 de·

82 423 222 509 {endere
237 428 372 514 possint,
396 427 424 492 si
446 427 595 512 Hungari
616 428 771 514 impetum
793 423 955 514 quendam
977 433 1147 491 tentarent.
1176 425 1241 491 Pro
1255 433 1378 515 tempe·

83 529 192 595 randa
201 532 311 618 itaque
332 531 394 597 hac
409 522 566 599 seditione
574 531 758 619 Pragensos
779 530 952 596 adiverunt
976 529 1255 618 archiepiscopum
1268 530 1378 597 Ostre-

84 634 278 719 g'omensem
298 635 342 701 ad
363 636 551 723 petitionem
572 636 720 722 magistri
740 635 876 718 Passek,
911 634 1122 721 ejusdemque
1152 634 1241 718 cleri,
1264 643 1301 701 ut
1321 635 1377 701 ad·

84 738 153 803 huc
176 761 250 805 cum
262 739 369 826 legato
392 740 551 828 quaedam
573 761 671 826 agere
692 741 825 829 possint
846 740 935 805 Dum
951 762 1027 826 ergo
1039 739 1165 826 legatus
1180 738 1223 805 ad
1242 740 1373 807 domum

83 843 324 932 archiepiscopi
345 855 479 911 vocatus
500 846 623 928 fuisset,
657 844 698 910 de
731 844 940 932 compactatis
981 853 1146 910 eteorum
1168 865 1266 910 sensu
1304 867 1379 911 cum

85 947 203 1014 eodem
216 971 314 1034 agere
325 951 535 1039 inceperunt3
558 949 683 1037 legatus
696 972 773 1017 vero
787 947 964 1037 respondit,
980 947 1016 1014 id
1033 948 1205 1023 admittere
1228 947 1291 1014 sibi
1306 971 1379 1015 esse

84 1053 299 1140 impossibile.
332 1056 514 1143 Pragensss
536 1079 615 1122 vero
638 1063 670 1122 et
691 1055 796 1122 clerus
816 1056 947 1121 illorum
968 1055 1205 1142 responderunt
1225 1077 1285 1141 per
1306 1075 1377 1119 ma·

84 1159 224 1244 gistrum
245 1159 447 1245 Korambun,
472 1160 560 1249 quod
591 1183 633 1227 ex
654 1162 781 1248 integro
805 1163 875 1227 sine
897 1159 1152 1226 contradictione
1175 1167 1377 1247 compactata

86 1265 279 1350 suscipiant,
303 1274 336 1330 ct
368 1264 425 1330 illa
453 1267 488 1330 in
512 1289 622 1333 eorum
651 1267 781 1354 proprio
815 1287 913 1332 sensu
944 1265 1147 1353 approbent,
1181 1263 1267 1352 quod
1299 1284 1378 1330 vero

85 1369 205 1434 attinet
225 1367 317 1433 illum
340 1369 520 1455 articulum,
551 1371 593 1437 ob
616 1393 712 1459 quem
735 1371 878 1437 maxime
897 1371 984 1435 inter
1005 1369 1079 1437 illos
1102 1369 1309 1456 disceptatur,
1334 1369 1381 1435 ita

84 1472 335 1561 responderunt,
358 1475 446 1560 quod
467 1476 502 1541 in
525 1477 707 1564 sumptione
728 1478 897 1564 utriusque
931 1472 1053 1562 speciei
1082 1472 1227 1559 corporis
1250 1481 1282 1538 et
1305 1493 1380 1537 san·

85 1577 343 1664 guinisChristi
363 1578 497 1643 Domini
518 1602 585 1645 non
608 1578 652 1645 sit
672 1587 881 1667 praeceptum
904 1577 1037 1660 Ohristi,
1059 1576 1117 1643 sed
1130 1575 1284 1642 Bohemis
1301 1597 1376 1642 con·

84 1702 216 1746 cessum
228 1680 270 1744 sit
281 1703 324 1753 ex
344 1691 503 1768 potestate
515 1683 635 1750 Sacrae
650 1684 816 1749 Romanae
831 1682 1011 1764 Ecclesiae,
1035 1681 1130 1769 hujus
1151 1687 1260 1747 autem
1282 1702 1377 1768 argu·

83 1791 232 1849 mentum
260 1806 340 1871 prae
360 1785 510 1852 manibus
543 1809 617 1854 esse
649 1786 695 1852 in·
720 1786 823 1870 libris,
846 1794 939 1872 gesta
968 1793 1025 1851 aut
1045 1784 1200 1850 historiae
1232 1792 1380 1850 vetustae

83 1889 272 1954 nominatis.
297 1888 383 1954 lllud
405 1912 484 1956 vero
508 1890 650 1978 apostoli
670 1890 857 1968 Bohemiae,
880 1890 969 1956 Erha
1002 1890 1174 1976 episcopus
1202 1888 1380 1971 Moraviae,

85 2001 119 2060 et
142 1993 296 2059 Donatus
318 1993 496 2061 Bohemiae
525 1996 661 2061 Romam
696 1995 739 2061 ad
771 1996 902 2061 Patrem
932 1995 1171 2060 sanctissimum
1204 2001 1378 2081 pergentes

83 2101 346 2165 communionem
361 2099 458 2167 talem
471 2100 531 2165 sub
554 2108 690 2188 utraque
713 2101 822 2187 specie
845 2099 1043 2166 obtinuerint
1063 2120 1123 2187 per
1146 2110 1308 2185 expensas
1323 2119 1379 2162 no·

82 2201 203 2273 tabiles
223 2212 256 2268 et
272 2203 517 2287 sollicitudines,
534 2206 618 2269 siout
639 2203 759 2290 legitur
769 2206 805 2269 in
819 2204 962 2270 historiis
985 2204 1019 2269 in
1041 2201 1232 2270 consistorio
1252 2200 1382 2285 collegii

87 2305 261 2397 Pragemis
283 2309 469 2375 asservatis.
513 2308 633 2375 Notum
655 2331 734 2375 vero
757 2330 840 2386 esse,
864 2307 949 2395 quod
962 2308 996 2373 in
1011 2307 1171 2374 Bohemia
1190 2314 1222 2372 et
1235 2305 1382 2372 Moravia

89 2409 196 2477 nullus
217 2411 259 2477 de
291 2412 447 2502 apostolis
470 2412 592 2480 Christi
612 2414 732 2498 fuerit3
754 2413 803 2479 illi
835 2421 943 2479 autem
965 2411 1143 2479 Bohemiae
1164 2409 1292 2499 populo,
1327 2409 1382 2498 qni

86 2514 227 2583 durioris
248 2517 368 2582 indolis
391 2527 423 2584 et
442 2518 568 2605 ingenii
589 2517 680 2584 rudis
703 2540 832 2606 semper
851 2517 913 2583 fuit
936 2518 1005 2605 (cui
1026 2518 1135 2584 omnia
1156 2538 1200 2582 ex
1221 2516 1380 2603 scriptura

84 2640 180 2687 saera
202 2620 342 2709 probare
364 2621 572 2712 debuerunt),
598 2623 739 2689 ecclesia
762 2631 876 2699 sancta
895 2623 931 2689 vi
952 2623 1053 2688 officii
1076 2623 1126 2688 sui
1149 2621 1253 2687 sancti
1274 2619 1379 2685 admi·

84 2726 167 2793 serit
188 2726 447 2793 communionem
469 2726 529 2792 sub
551 2736 687 2815 utraque
711 2728 831 2816 specie.
865 2725 950 2793 Oum
965 2749 1043 2793 vero
1066 2724 1198 2792 tandem
1220 2747 1279 2812 per
1300 2733 1380 2791 tem-

82 2830 176 2917 poris
198 2828 372 2896 intervalla
394 2831 578 2896 communio
600 2830 682 2897 haec
699 2831 889 2914 cessaverit,
920 2829 1026 2896 denuo
1048 2852 1108 2917 per
1128 2829 1290 2896 Joannem
1311 2828 1399 2897 wi·-

82 2932 239 3018 clcffrum,
274 2935 406 3001 Petrum
427 2933 640 3001 Waldensem
663 2944 695 3001 et
716 2934 877 3002 Joannem
898 2933 971 2999 Hus
986 2934 1116 3022 prodiit,
1151 2943 1183 2998 et
1212 2933 1380 3020 hucusque

81 3037 173 3127 apud
195 3037 357 3104 Bohemoa
379 3040 415 3103 in
436 3060 497 3105 usu
519 3049 577 3104 est.
600 3038 646 3105 Ut
675 3040 776 3126 igitur
817 3038 1001 3105 consideret
1033 3037 1167 3123 legatus,
1203 3036 1290 3124 quod
1311 3058 1378 3102 non

82 3141 320 3227 contradicant,
344 3142 403 3208 sed
425 3142 617 3227 admittant;
648 3144 735 3231 quod
756 3143 838 3210 illud
860 3164 926 3209 non
949 3144 991 3207 sit
1012 3149 1221 3230 praeceptum
1243 3139 1376 3223 Christi,

81 3246 232 3334 adeoque
256 3246 342 3335 quod
365 3270 464 3313 causa
484 3269 551 3311 non
580 3248 632 3330 sit,
666 3257 702 3313 ut
722 3257 854 3336 propter
875 3248 1018 3314 futurum
1040 3245 1213 3314 concilium
1235 3266 1301 3310 non
1324 3244 1379 3311 de-

81 3349 202 3417 berent
224 3353 379 3438 consequi
401 3352 614 3418 executorias.

143 3455 232 3551 ‘His
256 3465 288 3521 et
309 3455 428 3521 talibus
451 3455 571 3522 dolosis
593 3455 703 3522 verbis
724 3464 953 3544 persuaserunt
984 3455 1125 3542 legatum
1151 3455 1194 3521 ad
1216 3455 1379 3522 interven·

83 3559 206 3625 tionem
228 3559 464 3649 archiepiscopi
492 3560 765 3646 Ostregomensis,
788 3559 873 3648 quod
895 3560 1018 3626 eisdem
1042 3561 1244 3626 executorias
1257 3548 1379 3626 'extra-

85 3662 166 3729 dere
187 3665 381 3753 promiserit
425 3663 539 3730 Altera
561 3664 615 3730 die
648 3662 779 3730 tandem
814 3666 903 3731 citati
930 3665 1061 3732 fuerunt
1095 3667 1206 3729 ornnes
1228 3663 1375 3749 Bohemi,

81 3789 201 3855 nempe
224 3769 376 3856 princeps
400 3768 544 3852 Carolus,
568 3769 718 3835 dominus
740 3770 829 3852 Lew,
854 3778 886 3834 et
907 3768 965 3836 alii
985 3768 1124 3835 Bohemi
1146 3791 1220 3833 oum
1243 3778 1380 3858 utroque

80 3871 187 3957 clero,
219 3883 251 3939 et
281 3873 356 3938 dum
379 3873 630 3962 praetenderent
650 3872 749 3952 illud,
783 3873 825 3940 ob
859 3873 947 3960 quod
984 3895 1056 3945 cum
1087 3873 1194 3960 legato
1231 3884 1382 3960 egerunt,¹

79 3975 207 4062 legatus
241 3981 349 4044 renuit
377 3976 462 4062 illud⁸
487 3979 667 4056 extradere,
698 3979 763 4042 nisi
785 3978 848 4045 sibi
880 3970 998 4065 viginti
1019 3978 1122 4043 millia
1153 3988 1372 4063 numerentur,

78 4084 239 4166 asserens,
262 4105 342 4170 quos
364 4081 486 4148 tamdiu
507 4082 581 4169 illos
595 4082 716 4149 ibidem
730 4091 923 4170 exspectans
939 4085 1010 4172 jam
1029 4082 1152 4170 aliquot
1173 4082 1275 4149 millia
1298 4105 1376 4149 con·

80 4188 269 4273 sumpserit;
305 4187 568 4274 archiepiscopus
590 4186 631 4253 ob
654 4187 758 4254 levius
780 4188 920 4274 pretium
941 4209 1015 4253 cum
1036 4187 1092 4252 illo
1122 4208 1235 4273 agens,
1266 4187 1374 4255 effecit

77 4298 113 4356 ut
129 4289 244 4357 decem
259 4299 384 4357 tantum
396 4291 717 4378 milliadeponantur.
745 4293 906 4358 Dominus
921 4291 999 4357 Lew
1030 4312 1107 4357 vero
1130 4290 1373 4376 adversabatur,

77 4395 216 4461 utillud
239 4395 374 4462 deberet
395 4417 415 4460 a
437 4396 544 4482 legato
568 4418 685 4480 emere,
708 4396 829 4474 dicens,
850 4397 915 4462 tale
938 4419 973 4463 se
987 4419 1008 4462 a
1029 4396 1166 4462 statibus
1188 4396 1376 4463 mandatum

76 4520 145 4565 non
167 4498 302 4587 habere,
336 4508 373 4564 ut
406 4521 480 4602 cum
512 4499 619 4586 legato
653 4500 777 4588 aliquid
808 4510 893 4588 agat,
927 4523 962 4567 se
991 4523 1056 4566 non
1084 4523 1156 4569 esse
1176 4506 1311 4570 missum
1333 4504 1376 4569 ad

78 4604 230 4691 legatum,
255 4604 365 4670 sedari
380 4604 477 4669 Suam
489 4605 624 4690 Regiam
641 4605 853 4693 Majestatem.
882 4605 1061 4693 Respondit
1075 4611 1228 4692 magister
1235 4608 1374 4672 Passck:

78 4706 188 4775 Chare
209 4708 356 4775 domine!
379 4707 487 4775 eurde
509 4708 560 4775 his
583 4711 659 4776 estis
682 4709 821 4777 solliciti.
844 4710 936 4776 Haec
964 4733 1030 4776 non
1060 4722 1182 4778 curate.
1211 4711 1389 4794 Numquid
