2948 5040
1287 110 1352 185 ast

59 297 162 384 dicto,
184 294 288 363 tribus
307 295 503 365 milliaribus
524 293 632 382 Praga
653 290 803 374 distante,
832 289 922 376 villa,
944 286 1043 375 mola,
1074 307 1195 376 magna
1214 284 1354 353 humen-

59 406 87 473 ti
109 403 207 490 copia
227 401 262 467 in
284 401 409 469 horreis
432 410 465 467 11
486 399 635 483 cumulis,
660 398 820 486 jumenta,
842 418 971 484 pecora,
995 394 1125 481 aliaque
1148 411 1208 480 pro
1231 389 1355 479 aliquot

62 510 210 575 centenis
239 506 371 573 florenis
401 507 495 571 circa‘
515 513 643 592 tempus
672 501 785 568 Sancti
816 500 936 568 Jacobi
965 497 1152 565 anni1530
1186 494 1355 563 combusta

59 613 201 680 fuerunt
245 610 392 677 Tandem
414 631 499 675 anno
522 608 670 696 sequenti
691 613 766 693 post
786 604 905 671 festum
939 603 973 671 S.
996 603 1066 671 Viti
1089 599 1248 690 (16.1111.)
1271 621 1355 666 uxor

63 718 146 804 ejus,
170 723 203 781 et
223 713 351 781 decima
368 714 422 779 die
443 712 648 797 filiaPragae
669 717 814 775 mortuae
837 715 921 791 sunt,
942 709 1015 796 ipse
1037 727 1116 774 vero
1139 705 1259 792 pariter
1281 704 1352 771 dics

62 822 150 891 vitae
173 840 251 885 suae
271 814 378 884 finivit
399 839 485 887 anuo
509 817 603 898 1533,
625 813 678 880 die
701 811 853 879 sabbathi
875 812 1050 878 antediem
1061 811 1270 877 Dominicam
1290 819 1353 878 tor·

67 925 147 991 tiam
169 922 437 1012 quadragesimae
463 921 529 1010 (15.
556 919 678 1007 Mart);
703 918 795 1006 cujus
824 915 917 982 multi
937 915 1113 1005 prudentes
1134 915 1355 1001 recordantur,

66 1029 193 1118 quoda
214 1027 325 1094 multis
346 1027 439 1092 annis
471 1025 580 1092 nullus
601 1025 714 1114 pejora
736 1044 834 1111 super
856 1022 1019 1089 civitatem
1041 1021 1239 1108 Pragensem
1260 1021 1355 1089 indn-

67 1134 164 1215 xerit,
187 1154 284 1220 quam
305 1130 372 1198 1111.
449 1208 451 1213 ¹
946 1134 948 1139 ’

148 1236 237 1318 Quid
260 1235 358 1303 Gallo
381 1234 527 1302 Onahsra
558 1232 722 1323 quondam
753 1229 1008 1298 administratori
1028 1231 1211 1319 contigerit,
1232 1231 1352 1320 reperi·

63 1350 117 1410 tur
138 1343 246 1428 capite
267 1341 319 1406 30.

141 1445 284 1511 Thomas
306 1443 487 1527 Zachlubil,
501 1442 639 1511 taboret
660 1442 743 1509 civis
764 1438 1038 1528 Neo-Pragsnsis,
1053 1441 1147 1528 gravi
1167 1439 1355 1507 infirmitate

54 1571 232 1639 oppressus
254 1548 324 1631 fuit,
345 1551 380 1614 in
401 1571 466 1635 qua
486 1548 561 1637 plus
590 1568 687 1634 quam
709 1545 895 1613 semialtero
915 1547 1188 1631 annodecubuit,
1222 1544 1353 1611 taudem

53 1677 144 1721 anno
168 1655 302 1720 Domini
326 1653 497 1723 1534-35
520 1651 574 1716 111
595 1650 689 1717 Jovis
710 1660 786 1716 ante
807 1649 925 1716 festum
935 1650 1122 1718 Nativitatis
1143 1650 1264 1716 Beatae
1285 1648 1357 1727 Vir·

50 1761 141 1846 ginis
161 1740 284 1825 Mariae
308 1758 352 1847 (3.
374 1757 480 1846 Sept.)
502 1755 780 1838 reconvalescens,
802 1763 836 1820 11
850 1753 964 1822 eadem
985 1755 1041 1821 die
1050 1777 1134 1846 equo
1155 1754 1301 1826 insidens
1322 1753 1358 1819 in

54 1865 183 1931 curiam
205 1866 376 1952 equitavit,
397 1860 554 1952 populum
569 1861 786 1950 judicaturus,
817 1869 850 1927 et
871 1861 948 1927 dum
971 1869 1139 1939 senatores
1166 1860 1285 1948 reliqui
1315 1857 1357 1925 ob

53 1968 324 2056 conspiciendum
358 1967 531 2057 quemdam
557 1966 797 2032 communitatis
818 1964 926 2032 locum
949 1987 992 2032 ex
1006 1967 1097 2033 curia
1118 1963 1357 2047 discessissent,

50 2071 111 2139 ille
133 2072 221 2138 10111
242 2071 365 2140 ibidem
381 2092 585 2159 permanens,
608 2068 650 2137 ob
671 2071 900 2138 necessitatem
912 2070 1112 2159 corporalem
1135 2069 1172 2135 in
1194 2089 1359 2135 secessum

52 2198 90 2240 se
127 2178 260 2264 recepit,
310 2176 421 2264 ibique
461 2176 670 2243 retrocedens
712 2177 827 2267 periit,
870 2196 966 2263 quern
998 2175 1131 2242 tandem
1163 2173 1356 2263 apparitoris

52 2303 139 2347 uxor
162 2282 343 2366 inveniens,
367 2280 472 2346 eidem
493 2282 528 2345 in
550 2290 654 2348 morte
674 2280 854 2353 1111111111.

139 2385 320 2451 Laniouem
352 2383 448 2471 Zy'ka
477 2384 574 2450 etiam
607 2389 755 2455 oneravit
785 2409 846 2453 rex
874 2392 1008 2475 propter
1041 2381 1188 2469 ejusdem
1210 2381 1356 2471 superbi·

57 2511 120 2573 am,
141 2511 237 2577 quam
271 2491 305 2555 11
329 2487 438 2555 verbis
459 2487 589 2575 publice
617 2491 653 2555 in
685 2493 776 2559 curia
805 2513 915 2559 coram
946 2499 1070 2573 senatu,
1101 2496 1214 2575 contra'
1244 2509 1357 2575 regem

54 2593 224 2660 dominum
255 2615 349 2658 suum
371 2592 529 2678 exhibuit,
559 2596 867 2667 011111111111101
889 2603 1001 2662 contra
1023 2592 1234 2661 eundemad-
1253 2615 1358 2679 quan-

52 2697 131 2765 dam
160 2698 363 2764 ferocitatem
383 2707 516 2787 propter
545 2699 666 2780 Pasek,
703 2724 768 2788 qua
794 2701 845 2775 10,
858 2723 958 2769 causa
995 2721 1038 2766 ex
1061 2719 1175 2766 severo
1205 2697 1358 2765 mandato

53 2802 149 2889 regio
182 2824 204 2867 1
236 2801 414 2890 capitaneis
443 2804 538 2888 regni
567 2804 627 2870 sub
663 2805 786 2872 honore
816 2827 875 2871 suo
910 2814 944 2871 et
980 2803 1046 2870 fide
1074 2825 1174 2871 manu
1205 2802 1359 2892 stipulata

57 2907 224 2993 obligatus
262 2907 323 2973 fuit
343 2906 387 2972 ad
419 2905 608 2992 sistendum,
631 2909 760 2995 quando
794 2917 826 2976 11
846 2908 1033 2996 ubicunque
1070 2907 1177 2974 eidem
1213 2929 1233 2972 a
1265 2929 1360 2994 rege,

54 3011 112 3078 vel
135 3010 288 3099 ejusdem·
314 3012 492 3101 capitaneis
527 3014 715 3081 mandatum
746 3012 852 3081 fuerit.
894 3012 978 3081 Item
1001 3035 1087 3079 cum-
1104 3035 1184 3098 erga
1219 3034 1357 3091 uxerem

57 3139 151 3182 suam
167 3117 266 3205 juxta
287 3116 387 3182 fidem
407 3119 439 3183 ei
453 3121 655 3205 promissam,
679 3129 716 3186 ut
736 3121 881 3204 maritus,
904 3141 1021 3186 10111
1042 3118 1190 3204 gesserit,
1217 3127 1249 3184 et
1264 3117 1356 3184 illam

56 3223 93 3286 in
118 3219 210 3286 honis
244 3222 314 3309 ejus
337 3244 403 3287 101
425 3226 677 3309 conservaverit,
714 3233 750 3290 ut
770 3225 922 3291 maritum
954 3223 1061 3307 decet,
1096 3230 1128 3288 11
1163 3244 1235 3288 eam
1263 3221 1359 3288 bonis

53 3324 254 3392 notabilibus
288 3326 466 3414 privaverit
486 3330 587 3394 variis
618 3329 745 3396 actibus
777 3328 935 3419 subdolis,
957 3352 1017 3421 per
1031 3327 1194 3417 judicium
1226 3334 1358 3393 coactus

57 3431 129 3515 fuit,
152 3430 283 3497 domum
306 3441 339 3497 et
359 3432 533 3499 macellum
555 3434 662 3502 eidem
699 3435 826 3519 cedere,
857 3443 891 3501 11
911 3455 1015 3524 usque
1036 3432 1080 3501 ad
1101 3433 1274 3503 terminum
1306 3431 1357 3499 illi

56 3535 249 3625 praefixum,
271 3537 376 3605 donec
397 3563 515 3629 nempe
535 3541 644 3608 omnia
664 3542 781 3608 iterum
798 3540 948 3609 exsoluta
966 3539 1096 3624 fuerint,
1116 3541 1148 3607 11
1176 3538 1361 3624 relinquere

57 3649 90 3706 et
112 3641 257 3729 privatus
282 3644 357 3730 jure
380 3644 479 3728 civili,
504 3667 547 3712 ex
568 3644 664 3712 domo
688 3668 747 3711 111
768 3646 869 3728 exire,
892 3668 932 3712 ac
954 3644 1033 3711 alihi
1062 3643 1262 3711 domicilium
1295 3643 1359 3711 sibi

59 3767 215 3833 quaerere
252 3746 372 3814 debuit.
418 3749 511 3832 Quae
548 3751 657 3817 omnia
690 3753 901 3818 inveniuntur
922 3752 958 3816 in
991 3749 1163 3817 sententiis
1196 3749 1360 3837 Antiquae

57 3848 157 3916 Urbis
179 3850 362 3937 Pragensis.
408 3853 474 3936 Qui
495 3854 590 3921 homo
613 3877 680 3921 101
701 3855 763 3921 fuit
776 3879 879 3924 verax
899 3858 934 3922 in
955 3855 1051 3924 dictis
1074 3856 1151 3939 suis,
1176 3854 1361 3929 sine-omni

56 3955 256 4020 verecundia
288 3967 320 4021 et
342 3959 566 4025 aestimatione
602 3960 736 4048 propria
756 3962 792 4025 in
827 3969 1016 4033 1111111111
1049 3969 1158 4026 tamen
1175 3960 1247 4048 jam
1281 3981 1359 4050 pro·

59 4068 165 4144 vecta,
201 4060 287 4147 quod
308 4062 581 4154 ‚imminutionem
614 4063 720 4131 famae
742 4067 893 4154 propriae
925 4068 1100 4148 concernit,
1122 4065 1205 4132 haec
1235 4065 1358 4132 omitto:

59 4164 137 4252 (hoc
166 4164 270 4230 solum
304 4165 424 4231 addere
447 4167 564 4246 debeo,
587 4168 674 4257 quod
706 4179 840 4258 propter
872 4169 985 4237 debita
1016 4169 1128 4236 multis
1159 4169 1360 4260 temporibus

58 4273 207 4339 incuria
228 4275 446 4340 incarceratus
466 4275 572 4360 fuerit,
597 4285 630 4342 ct
652 4277 680 4341 si
695 4274 827 4363 quidam
848 4276 899 4340 vir
927 4274 1032 4341 bonus
1055 4284 1087 4340 et
1109 4294 1193 4341 uxor
1214 4275 1364 4364 ejusdem

56 4399 123 4443 non
145 4377 293 4462 fuissent,
316 4401 390 4444 cum
413 4380 540 4448 solvere
559 4379 671 4447 debita
691 4381 765 4468 ipse
787 4379 876 4445 solus
896 4400 962 4445 non
984 4381 1135 4467 potuerit,
1159 4381 1193 4445 in
1216 4379 1268 4446 his
1281 4402 1360 4447 car·

58 4481 189 4548 ceribus
211 4484 294 4549 mori
332 4484 522 4574 debuisset)
557 4494 590 4551 11
611 4486 684 4552 11111
719 4483 894 4583 scribenda
915 4472 1075 4573 relinquo,
1105 4484 1162 4551 1111
1185 4485 1273 4550 enim
1288 4486 1361 4573 jam

54 4596 125 4653 tum
148 4589 198 4653 sui
235 4589 339 4675 ipsius
363 4591 457 4677 quasi
495 4589 760 4658 obliviscebatur.
801 4590 980 4656 Praeterea
1002 4591 1101 4657 stiam
1141 4588 1248 4655 eidem
1271 4589 1359 4656 filius

57 4693 184 4776 unicus,
205 4693 240 4757 in
262 4715 325 4782 quo
348 4716 439 4783 spem
461 4717 552 4763 suam
573 4695 783 4784 praecipuam
803 4695 886 4780 fixit,
909 4703 943 4760 et
965 4692 1144 4762 consolatio
1167 4694 1236 4783 ejus
1260 4695 1358 4765 unica

57 4798 382 4878 &mmm
