2948 5040
126 124 203 209 :2³4

133 322 195 371 rex
215 300 311 372 boras
333 325 491 407 generose
513 323 556 371 ex
577 307 714 388 utraque
735 307 827 391 parte
854 304 1031 388 pugnatum
1052 295 1167 366 fuisset
1186 306 1301 369 conca
1323 323 1432 392 supra·

129 406 220 476 diota
255 410 399 498 quinque
433 409 537 479 millia
580 406 728 492 militum,
763 414 796 472 et
827 413 939 473 corba
975 404 1101 493 copiam
1123 403 1345 473 &manorum
1376 431 1433 496 pro

131 513 237 603 patria
257 508 479 597 indesinenter
500 516 701 598 certantium,
736 522 769 580 et
789 519 902 580 contra
921 508 1023 576 multa
1052 517 1085 575 et
1109 509 1245 595 grandia
1271 519 1433 580 tormenta

131 640 172 686 ac
203 618 343 685 tonitrua
374 627 605 695 tormentorum
637 616 799 685 horrenda
835 613 939 681 nubes
972 614 1192 701 penetrantia,
1224 615 1259 681 in
1303 638 1433 683 murum

132 746 192 816 per
214 725 318 792 scalas
340 725 557 795 ascenderunt
578 735 611 794 et
630 728 669 792 iu
686 721 860 815 praeurbia
880 717 1072 801 insilicrunt,
1095 725 1254 784 tormenta
1275 718 1430 788 Romanis

131 839 315 919 rapuerunt,
338 852 458 920 eosque
480 852 601 915 omnes,
624 829 771 918 exceptis
792 825 859 893 illis
882 821 1085 913 quibusdam,
1108 823 1164 910 qui
1197 824 1231 891 in
1263 827 1427 896 civitatem

130 934 309 1002 Romanam
344 933 504 1022 fugerant,
525 933 764 1002 interfecerunt
793 931 883 1018 Papa
911 949 1000 1010 vero,
1034 927 1089 1014 qui
1126 925 1167 993 de
1195 929 1318 1017 palatio
1351 933 1429 1001 haec

132 1041 242 1109 omnia
261 1049 485 1129 conspexerat,
507 1063 581 1107 cnm
604 1038 758 1108 tredecim
781 1033 1008 1118 cardinalibus,
1030 1031 1139 1099 multis
1169 1034 1335 1121 praelatis,
1370 1062 1427 1106 no.

133 1143 254 1213 bilibus
285 1146 366 1212 viris
402 1154 530 1212 etcum
552 1145 640 1213 omui
677 1166 736 1209 sua
756 1141 830 1208 aula
858 1139 1090 1228 appertinente
1115 1136 1157 1202 ad
1186 1160 1297 1206 arcem
1321 1145 1424 1211 sancti

133 1249 255 1338 Angeli
274 1250 466 1316 inconsueta
486 1252 549 1334 via,
572 1271 655 1338 quae
676 1270 697 1314 a
717 1246 836 1335 palatio
858 1266 958 1333 penes
980 1264 1106 1308 murum
1128 1245 1284 1332 usquead
1307 1245 1428 1315 dictam

133 1377 243 1423 arcem
263 1353 362 1439 ducit,
384 1354 469 1422 clam
501 1353 635 1443 aufugit,
668 1373 846 1442 parumque
878 1349 991 1434 abfirit,
1022 1347 1151 1437 quoda
1180 1351 1344 1421 caesareis
1375 1355 1430 1420 mi·

135 1462 247 1530 litibus
279 1464 479 1551 interceptus
501 1485 567 1529 non
597 1462 721 1528 fuisset
752 1461 797 1527 Et
818 1464 905 1524 certe
936 1456 971 1521 in
1003 1457 1075 1520 loco
1098 1455 1284 1522 certaminis
1314 1457 1430 1526 mirum

134 1565 352 1656 spectaculum
377 1568 483 1633 visum
504 1566 574 1652 fuit,
595 1566 641 1632 ibi
664 1568 750 1660 enim
771 1564 988 1630 Romanorum
1010 1557 1053 1624 ad
1088 1565 1223 1644 quatuor
1255 1561 1369 1645 millia,
1392 1563 1431 1629 de

135 1691 285 1737 caesareo
316 1692 394 1737 vero
427 1669 547 1760 populo
578 1670 650 1759 plus
681 1691 777 1758 quam
810 1665 941 1734 ducenti
974 1663 1074 1730 occisi
1111 1663 1249 1745 fuerunt,
1284 1669 1429 1733 maxima

134 1797 210 1865 pars
231 1797 308 1842 vero
340 1775 469 1843 illorum
490 1777 572 1843 laesi
603 1775 740 1853 fuerant,
774 1772 829 1840 alii
862 1769 973 1837 labore
995 1767 1110 1857 proelii
1142 1770 1371 1857 praecedentis
1397 1774 1429 1838 in

134 1879 316 1970 praeurbio,
352 1879 439 1968 quod
470 1883 505 1948 vi
538 1879 755 1959 obtinuerunt,
796 1876 963 1964 defatigati
1001 1876 1166 1963 quiescere
1200 1876 1429 1961 ,intendebant

135 1983 219 2051 Tum
240 1985 378 2052 Romani
410 1984 498 2074 apud
534 1995 672 2074 portam,
694 2006 777 2074 quae
810 1983 899 2049 ducit
920 1980 962 2047 ad
984 1989 1110 2068 portam
1142 1981 1277 2046 alteram
1310 1982 1429 2071 Tyberi

135 2089 348 2180 adjacentem,
371 2101 403 2157 ct
424 2092 606 2180 proximam
637 2088 857 2178 adhospitale
894 2085 1008 2153 Sancti
1030 2083 1168 2172 Spiritus
1191 2108 1226 2152 se
1255 2085 1429 2153 defendere

135 2196 280 2263 volentes
302 2195 489 2263 cumulatim
511 2205 742 2280 convenerunt,
766 2217 846 2284 quos
876 2191 1018 2258 caesarei
1050 2191 1205 2256 nonnulla
1239 2203 1291 2261 sat
1314 2196 1430 2282 exigua

136 2303 244 2390 quiete
267 2301 436 2367 confortati
469 2301 706 2389 aggredientes,
740 2299 814 2367 illos
835 2297 956 2365 abinde
977 2304 1210 2384 represserunt,
1242 2308 1274 2364 et
1307 2310 1429 2389 portam

136 2404 371 2495 Tyberiensem
408 2405 625 2473 obtinuerunt
668 2406 806 2472 Romani
828 2426 905 2471 vero
927 2403 1044 2468 iterum
1076 2424 1134 2490 pro
1157 2404 1295 2471 victoria
1325 2405 1430 2471 volen-

137 2519 186 2580 tes
208 2511 346 2578 sollicite
377 2533 535 2600 pugnare,
565 2520 632 2578 tres
663 2519 788 2601 pontes,
822 2532 880 2597 per
901 2530 982 2595 quos
1003 2530 1024 2573 a
1045 2506 1132 2572 dieta
1153 2507 1273 2574 vicinia
1297 2509 1425 2576 Romam

136 2619 184 2685 ire
207 2615 364 2700 solebant,
386 2616 511 2683 fortiter
533 2617 702 2682 tormentis
736 2624 769 2681 et
789 2615 862 2681 aliis
886 2611 1094 2703 apparatibus
1118 2611 1224 2699 (mens
1256 2616 1347 2681 enim
1374 2615 1424 2681 hu·

136 2743 233 2788 mana
255 2723 382 2810 saepius
405 2722 504 2787 futuri
525 2720 602 2788 mali
624 2723 752 2808 signum
781 2719 941 2809 praebet),
964 2744 1006 2790 ne
1028 2720 1170 2787 caesarei
1199 2721 1341 2787 transire
1362 2743 1429 2811 pos·

137 2835 219 2910 sent,
252 2825 426 2914 diligenter
447 2825 658 2915 providerunt
670 2835 702 2892 et
713 2826 938 2911 muniverunt;
961 2826 1002 2893 de
1025 2829 1142 2916 quibus
1168 2827 1429 2898 omnibusrebus

138 2938 171 2997 et
193 2928 461 2998 sollicitudinibus
495 2953 574 2999 vero
608 2930 690 2996 nihil
724 2932 771 2996 eis
809 2928 965 3017 prodesse
996 2935 1108 3019 potuit,
1144 2933 1196 3000 vel
1231 2934 1318 3022 quia,
1354 2938 1432 3002 sicut

132 3033 257 3125 judico,
279 3034 420 3102 infausta
440 3034 520 3103 haec
541 3034 611 3102 dies
632 3035 796 3102 Romanae
829 3035 953 3102 civitati
973 3037 1043 3121 fuit,
1065 3039 1119 3105 vel
1148 3040 1226 3127 quia
1258 3061 1431 3108 caesareae

138 3141 252 3229 copias
285 3139 418 3207 obtenta
455 3142 593 3208 victoria
626 3163 664 3207 eo
697 3140 909 3208 ferventiores
941 3150 974 3208 et
1006 3141 1193 3208 audaciores
1224 3144 1332 3211 effecti
1367 3146 1431 3212 fue-

138 3253 224 3331 runt,
247 3255 343 3334 prout
365 3246 508 3313 omnium
529 3246 616 3312 fama
637 3247 708 3331 fert,
731 3247 818 3335 quod
840 3247 964 3312 inimici
985 3244 1036 3311 bis
1059 3248 1239 3326 vincantur,
1263 3251 1366 3316 etiam
1402 3251 1432 3317 hi

138 3351 217 3418 victi
238 3351 366 3417 fuerim.
420 3351 514 3417 Haec
537 3373 613 3438 ergo
648 3373 819 3418 caesareae
842 3352 954 3440 copiae
977 3374 1043 3418 non
1065 3361 1223 3437 curantes,
1257 3364 1430 3422 tormento·

138 3477 211 3522 rum
231 3454 349 3522 ictibus
372 3464 485 3544 pontes
507 3455 718 3523 vehementer
738 3454 944 3540 infestabant,
967 3457 1013 3523 ita
1034 3455 1120 3545 quod
1141 3456 1215 3523 illos
1238 3459 1325 3547 intra
1360 3461 1428 3528 bre·

142 3582 217 3629 vem
239 3561 393 3650 temporis
424 3583 548 3628 moram
582 3563 814 3650 superaverint,
838 3570 870 3628 et
901 3561 1063 3628 Romanos
1095 3563 1212 3650 partim
1238 3564 1430 3648 occiderint,

141 3665 260 3754 partim
289 3688 368 3732 vcro
390 3675 482 3755 terga
502 3674 630 3734 vertere
652 3668 828 3755 coegerint.
873 3667 1047 3756 Postquam
1070 3689 1148 3756 ergo
1176 3667 1258 3734 nulli
1290 3671 1428 3760 amplius

138 3769 264 3836 inimici
285 3772 489 3856 restitissent,
511 3780 589 3839 tunc
609 3772 749 3839 victores
772 3794 792 3838 a
814 3773 980 3860 sanguinis
1009 3772 1163 3839 effusione
1183 3780 1228 3839 *et
1267 3775 1430 3842 occisione

141 3883 361 3961 cassaverunt,
388 3886 421 3943 et
442 3876 662 3944 damabinde
684 3878 771 3943 circa
792 3877 904 3944 horam
926 3898 1134 3966 vesperarum
1157 3877 1351 3963 vigesimam
1385 3902 1430 3946 se·

141 3977 281 4046 cundum
302 3981 338 4046 in
359 3982 523 4050 civitatem
544 3981 722 4048 Romanam
734 3984 968 4072 pervenissent,
992 3990 1057 4048 tota
1068 3981 1181 4047 civitas
1202 3980 1432 4070 depraedanda

134 4091 176 4149 ct
196 4084 368 4172 'spolianda
379 4086 445 4153 illis
468 4109 621 4154 concessa
643 4087 721 4172 fuit3
744 4109 827 4175 quae
850 4086 954 4175 spolia
975 4094 1064 4152 tanta
1085 4085 1222 4170 fuerunt,
1246 4088 1334 4174 quod
1358 4113 1431 4156 cae.

146 4191 231 4256 sarei
252 4189 293 4256 de
318 4213 407 4277 auro,
429 4199 575 4279 argento,
597 4194 792 4279 margaritis,
816 4190 977 4281 lapidibus
1008 4192 1158 4280 pretiosis
1192 4199 1225 4256 et
1246 4191 1321 4259 aliis
1344 4193 1430 4261 bom.

140 4293 258 4363 bicinis
290 4318 368 4363 auro
402 4295 587 4366 intertextis
616 4295 723 4382 rebus,
758 4318 840 4386 quae
870 4296 992 4384 optima
1024 4294 1204 4380 voluerunt,
1239 4295 1304 4362 sibi
1326 4301 1430 4387 elege-

139 4400 205 4466 rint
224 4410 256 4467 et
274 4399 477 4484 abstulerint,
499 4400 625 4489 reliqua
644 4423 723 4468 vero
734 4403 850 4469 viliora
862 4401 1044 4490 spreverint
1055 4399 1202 4466 etadhuc
1219 4407 1331 4468 tanne
1354 4402 1432 4470 divi·

140 4504 205 4570 tiae
216 4505 354 4571 miserae
366 4503 489 4570 civitati
502 4505 657 4593 prodesse
668 4529 733 4574 non
746 4515 930 4595 potuerunt3
947 4527 1021 4573 nam
1034 4508 1165 4597 quidam
1173 4507 1214 4573 ob
1224 4513 1332 4573 ranas
1340 4531 1429 4598 prae·

133 4607 199 4675 das
220 4607 341 4675 ibidem
360 4619 614 4697 permanserunt
637 4611 773 4678 Talibus
784 4611 931 4679 omnibus
943 4612 1066 4681 divitiis
1076 4613 1218 4679 caesarei
1230 4611 1343 4679 referti
1366 4613 1437 4680 reli·

137 4734 204 4801 qua
224 4711 331 4783 multa
350 4723 563 4806 spreverunt3
586 4714 769 4785 aliaevero
800 4719 912 4807 copiae
940 4718 1037 4808 paulo
1058 4718 1181 4786 tardius
1210 4717 1253 4786 de
1283 4717 1441 4789 Columna
