2948 5040
1317 168 1361 263 s't

617 352 767 427 CAPUT
788 360 820 426 9.

66 501 106 561 In
131 523 190 581 quo
210 502 312 580 agitur
333 508 371 565 de
392 508 563 585 duplicibus
586 504 770 581 christianis,
793 525 900 583 nempe
922 504 1045 567 Christo
1066 510 1308 582 adhaerentibus,
1337 519 1368 571 et

202 591 347 665 romanis,
367 601 396 651 et
419 595 456 653 de
478 595 599 653 diversa
618 592 678 650 fide
699 600 803 651 contra
824 590 954 651 invicem
976 588 1227 675 consurgentium.

149 769 328 836 Sciendum
348 770 403 837 hio
433 780 492 854 est,
522 773 609 860 quod
637 774 694 841 illo
716 782 863 862 tempore
885 774 1013 862 Pragae
1035 775 1183 864 duplices
1213 777 1362 843 homines

63 872 235 939 christiani
266 873 403 939 fuerint:
436 874 464 939 l.
488 872 668 941 Christiani
689 877 828 942 Romani
861 886 893 942 et
919 880 1067 965 papistae
1101 876 1276 966 [Romanos
1301 878 1362 946 sub

63 998 131 1041 una
165 977 285 1065 specie,
315 999 422 1067 neque
452 978 533 1044 alios
568 979 622 1044 hic
651 979 926 1070 comprehendo];
949 982 980 1047 2.
1016 983 1170 1069 oprimis
1204 983 1363 1049 nominati

64 1079 237 1145 christiani
260 1082 331 1146 sine
352 1082 546 1169 probatione
569 1091 689 1165 tamen,
711 1082 918 1165 Piokhartae,
955 1083 1009 1149 vel
1042 1083 1230 1149 Lutherani.
1273 1083 1366 1150 Obri-

64 1184 164 1248 stiani
185 1182 324 1248 Romani
345 1184 394 1250 illi
417 1195 518 1262 erant,
542 1188 597 1275 qui
619 1186 844 1272 dirigebantur
865 1186 979 1272 regula
1000 1188 1146 1252 Romana
1169 1196 1202 1253 et
1226 1189 1365 1255 inventi·

22 1367 29 1373 Ι
63 1286 182 1352 onibus
215 1306 280 1350 non
312 1296 437 1352 tantum
468 1287 651 1376 papalibus,
687 1289 745 1353 sed
777 1289 862 1376 quod
900 1289 1001 1354 multo
1033 1289 1271 1357 intolerabilius
1305 1300 1364 1376 est,

64 1388 262 1477 quibusdam
283 1391 461 1457 audacibus
485 1392 587 1469 laicis,
617 1393 747 1479 injustis
764 1391 900 1479 judiciis
931 1400 964 1456 et
979 1391 1158 1479 judicibus,
1192 1415 1258 1458 non
1280 1393 1364 1461 adeo

63 1496 121 1561 diu
142 1496 344 1584 praegressis
372 1494 679 1583 praedecessoribus
712 1496 790 1578 suis,
813 1495 987 1560 fundantes
1017 1518 1147 1561 omnem
1169 1498 1362 1583 religionem

62 1608 97 1664 et
113 1600 386 1665 christianitatem
408 1621 498 1665 suam
521 1599 594 1687 plus
616 1600 651 1663 in
672 1599 771 1664 rebus
805 1600 960 1677 externis,
991 1620 1087 1685 quam
1119 1601 1152 1664 in
1190 1623 1269 1667 vero
1291 1601 1366 1669 fuu-

61 1704 228 1788 damento,
258 1703 305 1767 ita
328 1704 412 1768 sicut
442 1702 575 1791 quidam
598 1713 823 1769 antecessores
847 1725 958 1768 eorum
982 1703 1222 1791 complacentes
1245 1705 1308 1771 sibi
1329 1707 1365 1770 in

61 1807 232 1874 ornatibus
262 1808 433 1891 ecclcsiae,
458 1830 538 1895 quos
563 1828 675 1872 omnes
699 1828 851 1871 enarrare
873 1807 1007 1891 longum
1030 1807 1123 1890 foret,
1147 1831 1223 1873 nam
1245 1811 1282 1873 iu
1297 1809 1365 1896 qui·

61 1910 203 1977 busdam
233 1910 314 1976 louis
343 1912 410 1978 illis
434 1914 504 1977 sine
540 1933 675 1976 numero
705 1910 887 1975 utebantur.
929 1910 1002 1975 Non
1034 1910 1149 1997 loquor
1177 1910 1231 1977 hio
1253 1922 1366 1978 contra

62 2012 266 2080 moderatum
291 2014 407 2081 horum
429 2038 535 2098 usum,
560 2015 589 2079 si
610 2014 683 2079 illos
706 2012 748 2078 ob
770 2013 999 2077 necessitatem
1028 2012 1214 2100 prudenter,
1246 2023 1279 2079 et
1299 2037 1366 2080 non

62 2116 247 2183 obvanam
279 2118 417 2204 gloriam
450 2129 482 2184 et
512 2106 653 2200 laudem,
683 2139 745 2182 neo
776 2138 819 2182 ex
841 2115 995 2203 superbia
1017 2125 1049 2182 et
1077 2138 1150 2181 curn
1173 2120 1364 2203 gravamine

62 2220 231 2287 hominum
261 2222 467 2287 adhiberent.
510 2221 555 2286 Et
576 2229 613 2286 ut
633 2225 748 2309 paucis
771 2221 880 2287 omnia
911 2218 1194 2307 comprehendam,
1218 2221 1295 2306 quia
1316 2230 1362 2287 to-

63 2333 133 2388 tam
155 2322 367 2391 substantiam
399 2325 510 2390 salutis
543 2348 619 2391 suae
642 2326 774 2412 plurimi
796 2324 1017 2390 fundaverunt
1042 2326 1076 2389 in
1098 2323 1196 2388 rebus
1219 2323 1363 2408 caducis,

60 2437 176 2493 contra
197 2427 303 2514 legem
327 2429 483 2511 divinam,
508 2439 540 2494 ct
561 2453 673 2495 verum
697 2428 820 2495 Christi
843 2451 975 2494 sensum
997 2427 1032 2493 id
1052 2437 1197 2514 agentes,
1220 2427 1302 2495 nihil
1324 2427 1366 2496 de

57 2531 125 2596 tide
149 2541 311 2613 curantes,
343 2554 405 2597 nec
434 2532 698 2615 deverocultu,
723 2533 901 2598 ethonore
923 2530 1046 2614 divim,
1079 2552 1176 2618 quem
1198 2531 1303 2597 solum
1333 2540 1365 2598 et

57 2657 127 2701 non
160 2635 261 2700 aliurn
298 2636 420 2702 cultum
443 2637 535 2701 Deus
559 2637 754 2722 praetendit,
778 2639 875 2701 otiam
899 2657 965 2700 non
988 2635 1202 2713 sollicitantes
1233 2635 1365 2702 devita

55 2740 114 2825 pia
141 2740 388 2826 etexemplari‚
412 2761 575 2805 unacum
597 2742 761 2826 magistris
786 2743 862 2805 suis.
911 2739 1026 2826 Itaque
1058 2740 1142 2805 sicut
1175 2761 1218 2805 ex
1247 2742 1364 2807 consti·

55 2840 238 2906 tutionibus
272 2842 448 2928 hominum,
479 2845 534 2911 vel
563 2847 641 2922 suis,
674 2844 859 2910 sacerdotes
892 2864 948 2909 eos
971 2844 1180 2927 edocuerunt,
1212 2854 1245 2910 et
1265 2854 1363 2932 prout

57 2966 198 3033 corpora
227 2947 301 3033 ipsa
331 2950 366 3012 in
389 2948 610 3037 voluptatibus
633 2952 798 3032 vixerunt,
823 2950 921 3013 etiam
944 2947 1001 3012 illa
1023 2948 1058 3011 in
1087 2948 1285 3035 voluptuosa
1311 2970 1365 3014 re·

56 3053 192 3139 ligione,
216 3074 290 3119 cum
312 3056 445 3138 organis
469 3064 501 3118 et
522 3053 647 3140 aliquot
669 3052 830 3132 cantibus,
860 3051 933 3137 plus
957 3051 1132 3134 amatoriis,
1160 3072 1259 3137 quam
1280 3050 1363 3116 chri-

57 3158 175 3222 stianis
209 3159 453 3234 constituerunt,
486 3159 521 3221 in
553 3157 710 3223 honorem
741 3165 773 3220 et
796 3155 926 3221 laudem
949 3155 1014 3220 Dei
1037 3161 1274 3237 convertentes,
1306 3160 1362 3220 im·

59 3261 173 3347 pensis
207 3262 304 3326 etiam
337 3261 509 3349 superfluis
543 3282 652 3325 rerum
686 3261 870 3342 multarum,
904 3259 946 3324 ob
980 3264 1189 3344 augmentum
1215 3279 1308 3322 suum
1330 3267 1364 3323 et

56 3363 319 3452 praebendarum
349 3387 489 3446 suarum,
524 3384 566 3428 ex
595 3384 752 3452 perversa
781 3362 976 3443 adulatione,
999 3383 1041 3425 ne
1064 3361 1098 3425 in
1120 3358 1193 3425 ulla
1213 3382 1250 3426 re
1271 3362 1362 3448 ipsos

59 3482 199 3555 carpere
220 3470 355 3555 possint,
377 3478 665 3556 praeparaverunt,
689 3466 806 3554 quibus
829 3476 862 3530 et
883 3458 1045 3532 omnibus
1063 3465 1136 3530 aliis
1158 3464 1358 3535 vanitatibus

60 3582 288 3655 assueverunt,
322 3595 458 3659 quarum
495 3574 590 3662 copia
622 3594 742 3658 magna
765 3580 824 3652 est,
858 3593 923 3636 non
945 3569 1102 3634 hahentes
1123 3567 1224 3633 ullum
1247 3567 1363 3634 funda·

63 3684 211 3740 mentum
244 3696 359 3741 verum
392 3688 425 3742 et
447 3678 595 3743 divinum
620 3698 660 3740 ac
683 3686 835 3740 constans
869 3696 912 3738 ex
935 3673 1106 3759 scripturis
1139 3672 1269 3754 divinis,
1305 3670 1363 3738 sed

60 3778 167 3844 solum
189 3779 376 3863 humanum,
400 3782 571 3860 incertum,
597 3790 629 3844 et
651 3777 822 3843 animabus
844 3777 940 3843 valde
963 3774 1182 3862 periculosum
1205 3776 1363 3864 scriptum

59 3883 221 3961 solatium,
246 3883 344 3971 super
366 3885 453 3971 quod
475 3884 541 3950 illis
565 3884 648 3950 nihil
671 3882 843 3949 videbatur
872 3881 989 3945 melius
1014 3894 1046 3943 et
1070 3878 1273 3945 adsalutem
1295 3882 1360 3947 uti·

62 3985 123 4052 lius
148 4008 222 4051 esse
243 4009 350 4073 posse.
384 3988 435 4053 De
458 3989 533 4074 lege
556 3988 670 4053 divina
692 3997 725 4052 et
746 3986 908 4052 mandatis
932 3986 1003 4071 ejus
1025 3982 1107 4048 nihil
1135 3983 1221 4048 scire
1251 3983 1362 4050 volue-

58 4101 145 4176 runt,
179 4093 368 4178 incipiendo
398 4116 418 4157 a
441 4094 570 4159 clericis
601 4091 806 4180 quibusdam,
838 4111 941 4176 usque
971 4087 1143 4175 aplebem
1181 4085 1361 4174 vulgarem,

59 4196 232 4284 quaejam
253 4195 372 4262 leviter
402 4199 624 4262 aestimarunt.
661 4196 757 4276 Quod
788 4194 875 4283 apud
912 4201 1066 4281 quosdam
1089 4199 1201 4276 aperte
1222 4190 1365 4277 patebat,

59 4300 113 4386 qui
137 4298 242 4363 solum
266 4323 325 4387 pro
348 4300 516 4366 voluntate
540 4321 599 4365 sua
623 4299 743 4384 dogma
764 4298 942 4382 elegerunt,
967 4304 999 4359 et
1021 4293 1278 4382 explicaverunt.
1317 4294 1361 4359 Et

55 4403 91 4466 in
113 4402 166 4467 his
184 4424 251 4468 non
275 4403 561 4490 distinguebantur
583 4403 625 4469 ab
656 4404 721 4467 illis
744 4401 880 4468 Judaeis
903 4411 1048 4487 tempore
1071 4397 1194 4462 Christi
1227 4397 1361 4463 Domini

57 4507 288 4592 existentibus,
322 4511 378 4596 qui
411 4530 484 4574 cum
519 4531 558 4574 eo
592 4528 722 4595 semper
754 4506 1000 4582 contenderunt,
1023 4502 1063 4568 ob
1088 4502 1158 4588 ejus
1183 4510 1216 4566 et
1236 4502 1361 4589 Moysis

57 4613 319 4697 constitutiones,
343 4636 405 4679 nec
428 4615 548 4680 literali
563 4615 684 4694 sensui,
708 4633 815 4697 neque
831 4611 929 4677 rebus
943 4605 1139 4675 coelestibus
1162 4604 1274 4670 lucum
1284 4604 1371 4666 dare

56 4716 217 4783 volentes.
250 4716 335 4783 Item
368 4715 518 4785 Christus
542 4717 705 4783 Dominus
738 4714 829 4782 viam
863 4714 1036 4805 duplicem
1058 4705 1264 4869 assigngv'xt,
1288 4717 1403 4759 unam
