2948 5040
63 276 187 400 potuit,¹
215 297 422 378 consulentes
454 309 660 377 seinvicem
690 313 804 409 contra
835 327 904 386 nos,
939 315 973 376 at
1007 305 1255 375 -consorsbantes
1285 305 1359 391 sibi,

66 438 282 505 quaecunque
302 416 510 505 placuerunt3
545 414 639 481 nobis
669 435 746 481 vero
777 435 831 479 res
854 434 973 506 magna
993 412 1080 481 iacta
1102 421 1152 480 est
1185 420 1218 478 et
1250 411 1360 481 adbuc

66 523 226 589 imminet
271 521 479 610 Quapropter
505 520 670 588 humiliter
699 541 860 608 rogamus,
890 527 926 585 ut
946 540 1006 585 nos
1028 516 1208 606 dignemini
1243 539 1287 585 ex
1307 516 1389 585 his'

66 627 253 695 carceribus
276 627 478 711 dimittere,
524 636 570 709 ut,
587 627 634 697 ita
665 627 700 692 in
728 624 878 691 libertate
911 633 943 690 et
976 626 1085 691 animo
1120 624 1278 713 pecatiori
1316 620 1361 693 de

64 733 143 816 illis,
166 754 250 820 quae
272 731 367 799 nobis
388 733 576 798 necessaria
598 739 682 815 sunt,
712 730 816 798 libere
839 727 988 818 colloqui,
1025 740 1058 796 et
1079 750 1119 794 ea
1150 725 1357 796 conscribere

63 838 255 924 valeamus3
279 837 487 904 considerare
511 835 607 902 simul
629 835 820 923 dignemini,
854 856 952 924 quam
974 834 1085 902 miseri
1117 841 1150 899 et
1171 831 1371 898 afflictioni·-

64 943 129 1011 bus
143 945 326 1032 consumpti
342 944 452 1024 simus,
476 952 511 1009 ut
518 943 560 1008 ob
573 942 773 1019 debilitatem
794 941 854 1008 vix
874 949 961 1005 stare
979 960 1149 1028 queamus3
1173 936 1357 1003 nullatenus

62 1070 143 1115 vcro
167 1048 233 1116 Sua
254 1045 420 1114 Serenitas
443 1047 565 1130 credat,
587 1046 674 1135 quod
695 1068 715 1112 a
737 1045 833 1112 bonis
854 1045 983 1135 nostris,
1017 1043 1175 1111 uxoribus
1205 1050 1238 1107 et
1260 1039 1357 1129 proli·

62 1153 129 1219 bus
151 1151 215 1218 alio
237 1150 406 1217 discedere
433 1152 649 1235 intendamus,
684 1160 715 1216 et
740 1153 791 1216 i'ta.
807 1171 866 1216 nos
888 1170 961 1214 reos
983 1146 1121 1214 reddere
1150 1146 1354 1230 deberemus,

63 1256 126 1322 sed
147 1265 341 1341 constanter,
364 1266 401 1323 nt
423 1257 500 1324 boni
522 1266 554 1324 et
568 1258 718 1324 homines
738 1257 928 1321 innocentes
950 1251 1242 1342 perseverabimus,
1266 1248 1355 1315 illius

63 1361 163 1429 valde
186 1360 312 1449 cupidi,
343 1371 378 1427 ut
400 1363 618 1429 innocentiam
649 1368 793 1428 nostram
808 1361 1083 1449 demonstremus,
1115 1364 1212 1445 prout
1237 1353 1354 1421 Vestra
1382 1348 1384 1355 ’

14 1548 16 1551 ¹
64 1466 232 1533 Serenitas
253 1489 332 1547 vere
354 1489 534 1555 agnoscere
555 1468 684 1555 poterit,
707 1489 766 1532 nos
786 1467 983 1535 innocentes
1006 1484 1089 1528 esse.

31 1632 39 1651 x
77 1632 80 1639 ,
151 1570 206 1636 Ad
238 1570 336 1636 talem
370 1573 560 1660 petitionem
603 1573 874 1638 incarceratorum
908 1571 1060 1657 princeps
1094 1588 1233 1655 sequens
1269 1561 1360 1631 dedit
1437 1631 1440 1636 ,

62 1696 289 1763 responsums.
314 1675 357 1740 ad
388 1676 656 1765 supplicationem
687 1673 828 1755 vestram
864 1675 1013 1743 lubentes
1042 1674 1234 1754 faceremus,
1275 1669 1361 1758 quod

65 1781 163 1848 nobis
184 1780 343 1868 possibile
366 1792 465 1865 esset;
488 1803 602 1847 verum
624 1780 714 1864 illud,
738 1780 825 1868 quod
847 1779 966 1868 petitis,
996 1778 1091 1844 nobis
1114 1776 1199 1843 ultra
1226 1773 1368 1841 manda.

63 1896 135 1952 tum
165 1885 251 1952 Suae
272 1886 394 1972 Regiae
415 1886 595 1974 Majcstatis
633 1887 751 1972 exequi
771 1883 973 1972 impossibile
996 1890 1054 1948 est.
1090 1881 1127 1948 si
1158 1903 1236 1956 vero
1259 1880 1357 1947 vultis

60 2013 180 2076 rogare
217 1990 364 2056 dominos
386 1993 579 2076 Pragenses,
602 2003 638 2059 ut
658 2016 717 2058 vos
741 2015 783 2057 ex
805 1991 989 2059 carceribus
1012 1990 1184 2073 dimittant,
1206 1988 1240 2053 id
1261 2008 1360 2075 agere

60 2096 221 2183 poteritis,
254 2117 313 2161 nos
336 2094 433 2161 simul
455 2119 514 2184 pro
535 2082 766 2162 intercessione
788 2093 983 2178 adhibendo,
1007 2094 1108 2182 quod'
1126 2093 1273 2160 lubentes
1310 2092 1360 2157 fa·

64 2200 197 2265 ciemus.
255 2199 309 2264 Ad
345 2200 426 2265 haec
463 2203 655 2266 incarcerati
689 2202 832 2290 'sequens
872 2200 991 2266 dedere
1027 2219 1237 2289 responsum:
1274 2195 1360 2262 Illud

68 2324 177 2388 agera
196 2314 228 2370 et
250 2314 375 2393 partem
412 2305 505 2372 nobis
528 2306 698 2372 adversam
721 2307 857 2395 precari,
879 2305 1035 2394 possibile
1057 2326 1122 2370 non
1145 2311 1203 2385 est,
1226 2300 1362 2388 perinde

68 2408 154 2472 enim
187 2431 247 2474 nos
283 2430 356 2473 reos
380 2431 452 2474 esse
482 2410 787 2494 demonstraremus,
822 2412 878 2498 qui
899 2419 1008 2476 tamen
1029 2410 1079 2475 rei
1101 2407 1285 2473 nullatenus
1308 2428 1359 2471 su·

62 2534 158 2598 mus·;
195 2511 342 2577 adhaec
369 2511 521 2597 aceedit,
560 2515 646 2602 quod
676 2539 741 2580 non
773 2515 997 2601 Pragensium‚
1021 2514 1080 2580 sed
1112 2514 1200 2598 regis
1238 2512 1359 2601 captivi

63 2618 179 2694 simus,
213 2615 279 2682 Sua
305 2639 384 2683 vero
407 2618 572 2685 Serenitas
595 2619 648 2685 hic
670 2619 776 2686 locum
799 2629 888 2686 tenet
910 2619 996 2686 Suae
1017 2615 1139 2705 Regiae
1161 2617 1362 2706 Majestatis3

59 2720 202 2808 ideoque
213 2720 311 2787 Suam
335 2721 548 2788 Serenitatem
572 2746 733 2809 rogamus,
757 2731 914 2812 quatenus
937 2724 1053 2791 obtem
1075 2746 1226 2809 magnam
1248 2743 1360 2788 neces·

60 2827 191 2891 sitatem
220 2835 364 2891 nostram
396 2826 438 2892 ab
480 2828 542 2894 hoc
565 2850 696 2895 carcere
726 2827 858 2895 liberari
880 2851 1060 2917 possemus,
1084 2831 1141 2916 qui
1163 2828 1205 2894 ad
1228 2827 1361 2895 demon·

58 2929 229 2996 strandum
251 2931 469 2998 innocentiam
491 2942 637 2998 nostram
671 2942 708 2999 ut
729 2934 919 2999 innocentes
942 2933 1033 2999 nullo
1056 2932 1255 3001 discedendo
1287 2954 1359 3021 per·

65 3034 301 3102 severabimus.
1347 3106 1350 3112 .

146 3138 227 3205 Post
247 3139 329 3206 haec
364 3140 473 3206 omnia
494 3139 571 3207 dum
604 3140 686 3208 nihil
719 3144 898 3231 impetrare
928 3143 1119 3231 potuissent,
1157 3143 1360 3229 assignatum

57 3348 127 3415 illis
149 3351 335 3416 necessaria
358 3359 441 3433 sunt,
465 3350 672 3421 conscribere
695 3353 830 3439 possint,
853 3362 950 3441 atquc
973 3375 1046 3420 cum
1078 3353 1129 3418 his
1151 3351 1302 3418 omnibus
1322 3351 1366 3417 in

61 3454 216 3535 crastino,
238 3453 273 3519 id
297 3463 347 3521 est
368 3455 422 3520 dic
444 3457 566 3540 martis,
589 3459 693 3544 parati
716 3459 790 3524 sint.

148 3556 304 3646 Sequenti
325 3582 403 3627 vero
427 3559 481 3626 die
516 3562 629 3626 martis
650 3562 795 3629 Joannes
816 3562 959 3646 Hlawsa,
983 3570 1015 3629 et
1035 3559 1192 3630 Nicolaus
1229 3558 1361 3628 Schorff

58 3685 105 3728 ex
126 3662 278 3729 mandato
311 3665 469 3752 principis
491 3665 533 3730 ad
556 3675 702 3732 senatum
725 3668 904 3733 intromissi
924 3676 1008 3752 sunt,
1031 3689 1098 3734 una
1118 3690 1193 3734 cum
1216 3669 1354 3757 captivis
1421 3665 1424 3670 ’

60 3765 258 3854 supradictis
270 3816 280 3852 ,
314 3778 411 3856 atque
447 3771 590 3836 invicem
628 3773 867 3859 conspicientes
890 3795 999 3839 coram
1022 3775 1170 3862 principe
1194 3783 1226 3840 et
1246 3777 1359 3843 civita·

56 3881 127 3937 tum
150 3871 308 3957 ablegatis
344 3872 597 3961 lacrymantibus
620 3875 722 3941 oculis
750 3879 892 3944 invicem
914 3877 1093 3944 salutarunt
1125 3888 1158 3944 et
1192 3879 1356 3948 beneven·

57 3983 178 4042 arunt.
222 3976 370 4042 Tandem
392 3979 520 4045 articuli
541 4003 562 4044 a
583 3981 805 4067 Pragensibus
838 3984 872 4047 in
895 3982 1043 4048 absentia
1076 3983 1205 4052 illorum
1240 3987 1359 4076 prolati
1420 4054 1423 4060 .

59 4103 79 4146 a
113 4082 264 4169 principe
288 4082 354 4148 illis
377 4084 533 4150 notificati
556 4085 694 4164 fuerunt,
716 4085 758 4151 ad
782 4109 863 4174 quos
885 4087 1039 4154 articulos
1060 4091 1296 4178 respondentes
1310 4093 1358 4158 in·

58 4186 167 4268 simul,
189 4188 235 4252 ita
256 4185 424 4254 dixerunt:
456 4189 670 4256 Serenissime
692 4192 860 4278 princeps,
884 4200 917 4257 et
938 4191 1061 4258 domini
1095 4194 1237 4282 ablegati
1270 4197 1353 4263 oaril

56 4290 204 4357 Difficile
236 4291 332 4358 nobis
365 4291 461 4359 valde
495 4302 553 4378 est,
591 4294 634 4360 ad
655 4303 702 4361 tot
723 4295 874 4362 articulos
909 4297 979 4363 sine
1003 4287 1137 4386 praevia
1158 4322 1256 4388 super
1281 4300 1355 4367 illos

57 4395 296 4463 deliberatione
317 4399 539 4487 respondere,
562 4401 718 4467 memoria
740 4403 828 4467 enim
849 4408 961 4468 nostra
982 4402 1056 4469 illos
1079 4403 1355 4493 comprehendero

61 4523 132 4568 non
164 4512 279 4590 potest,
320 4502 457 4591 ideoque
480 4505 630 4571 Vestram
654 4506 868 4572 serenitatem
891 4530 1053 4594 rogamus,
1078 4518 1237 4597 quatenus
1258 4507 1353 4575 nobis
1444 4556 1447 4561 -

59 4605 218 4695 descripti
239 4606 405 4677 darentur.
433 4609 614 4697 Respondit
635 4613 806 4701 princeps:
825 4613 896 4702 jam
918 4621 1046 4703 tempus
1067 4614 1203 4699 messe,
1228 4616 1255 4681 si
1278 4612 1358 4702 quid

60 4710 152 4807 loqui
172 4711 296 4797 volunt,
317 4721 354 4781 ut
374 4723 565 4803 proponant.
608 4716 687 4785 Post
708 4725 776 4797 tam
816 4719 972 4790 strictam
1001 4741 1213 4811 responsum
1224 4719 1384 4784 iuratae·
