2948 5040
138 126 203 198 288

137 321 323 390 supremum
348 301 459 388 reglae
481 320 629 367 cammae
660 302 844 390 praesidem
865 323 904 371 ac
925 311 1101 392 regentem,
1132 312 1329 395 potestatem
1363 314 1433 385 illis

137 405 293 488 tribuens,
317 415 354 473 ut
373 413 472 492 agant
491 404 791 473 mediatores-inter
812 407 871 474 has
892 408 1048 477 adversas
1070 419 1188 499 partes,
1211 424 1244 483 et
1278 418 1435 487 amicabi.

137 506 214 578 liter.
242 510 317 591 illos
353 518 548 599 componant
570 518 603 577 et
625 519 835 598 comportent,
863 519 902 578 et
924 513 952 578 si
975 535 1058 601 quae
1093 517 1207 602 gravia
1226 539 1267 587 ao
1289 521 1439 593 difficilis

116 615 223 693 'inter
244 615 316 687 illos
337 623 554 701 venarentur,
576 621 612 682 ut
633 612 740 682 denuo
762 615 805 683 ad
826 637 937 703 regem
959 615 1115 685 deferant.

674 786 820 858 CAPUT
840 789 894 899 20.

137 970 196 1034 Ubi
226 969 411 1045 describitur,
437 956 586 1048 quomodo
617 989 673 1029 rex
694 968 896 1046 Pragensibus
929 970 1124 1032 amicabiliter
1145 969 1270 1045 deierat,
1301 980 1338 1032 ἰιι
1359 974 1430 1033 ami·

136 1058 261 1119 cabilem
284 1057 519 1119 transactionem
540 1057 653 1130 ineant,
675 1055 793 1116 Passek
815 1074 887 1116 vero
909 1074 976 1116 cum
996 1057 1060 1117 suia
1095 1057 1327 1120 adhaerentibus
1348 1079 1370 1119 a
1385 1079 1430 1121 sn·

127 1147 240 1224 'perbis
261 1165 316 1206 sua
335 1147 472 1206 recedere
500 1165 559 1205 non
581 1143 655 1218 vult,
689 1143 780 1203 etiam
801 1144 888 1218 quale
911 1163 1088 1222 responsum
1111 1141 1178 1222 regi
1198 1145 1318 1206 dederit
1333 1167 1352 1223 ς,
1367 1167 1432 1208 exn·

137 1234 183 1294 lea
203 1234 316 1312 pariter
337 1233 464 1293 admissi
485 1229 688 1292 innocentiam
709 1249 794 1290 suam
816 1231 980 1306 insinuant,
958 1240 1135 1292 tattamen
1159 1233 1255 1293 denuo
1274 1253 1310 1294 re
1322 1233 1432 1295 iniecta

135 1315 338 1383 discesserunt
374 1328 429 1382 etc.
488 1318 624 1378 Tandem
646 1324 737 1376 testes
760 1312 844 1376 citati
877 1317 914 1377 ab
949 1274 1089 1379 exulibus
1123 1315 1332 1381 testimonium
1364 1321 1432 1381 dare

134 1406 319 1469 debuerunt
334 1413 439 1468 ιοιιιιι
453 1405 637 1495 Pragenses,
673 1403 789 1464 Passek
824 1421 896 1465 vero
924 1403 1087 1483 diligenter
1119 1400 1358 1483 sollicitabatur,
1397 1427 1431 1469 ne

633 1492 704 1550 deut
725 1490 935 1552 testimonium.

125 1596 128 1605 ¹
163 1688 166 1695 ¹
219 1611 323 1700 Igitur
345 1611 398 1678 die
419 1610 572 1678 Mercurii
593 1592 688 1676 tertia
710 1607 764 1675 die
784 1619 859 1698 post
880 1609 998 1675 festum
1020 1607 1132 1675 Sancti
1156 1607 1330 1676 Laurentii
1346 1619 1428 1677 utra·

134 1739 196 1807 que
217 1740 293 1806 pars
317 1718 495 1807 comparuit
516 1706 711 1782 coram‘illis
731 1714 774 1780 ad
795 1714 992 1780 audiendum
1015 1713 1195 1779 constitutis
1232 1714 1427 1800 proceribus

133 1845 176 1889 ex
196 1821 348 1889 mandato
369 1823 472 1911 regis,
503 1821 559 1888 ubi
589 1820 802 1886 commissarii
831 1819 880 1885 illi
902 1814 1101 1884 denominati
1122 1816 1308 1903 Pragense's
1330 1819 1376 1886 ad
1397 1842 1429 1886 ιι

133 1915 267 1994 seorsim
290 1927 464 1994 advocatos
487 1925 618 1993 allocuti
640 1924 779 2008 fuerunt,
804 1931 836 1990 et
858 1923 1055 1990 voluntatem
1085 1921 1172 2008 regis
1195 1922 1241 1985 eis
1265 1944 1429 2010 exposue-

133 2023 218 2116 runt,
253 2033 338 2098 inter
360 2031 424 2098 alia
445 2031 497 2097 his
528 2030 649 2115 verbis,
673 2026 760 2117 quod
783 2028 813 2093 ei
835 2027 931 2093 valde
955 2036 1081 2114 gratum
1104 2034 1137 2091 ιι
1158 2033 1331 2113 acceptum
1357 2028 1423 2111 erit,

131 2136 176 2202 si'
197 2135 278 2202 tales
313 2136 343 2202 ei
374 2135 539 2201 molestias
571 2136 791 2202 imminuerint
821 2144 854 2200 et
875 2133 1089 2201 amicabiliter
1119 2135 1364 2220 transegerint3
1395 2135 1420 2199 si

132 2261 207 2307 sero
229 2241 310 2307 haec
332 2239 467 2306 dissidia
488 2241 634 2329 pervim
656 2237 699 2306 ad
720 2241 807 2328 regis
825 2239 985 2329 judicium
1007 2238 1125 2306 deferri
1148 2236 1322 2323 voluerint,
1339 2236 1423 2326 quod

130 2343 193 2412 r'ex
213 2345 359 2412 intendat
379 2345 431 2411 his
453 2345 593 2410 finaliter
614 2343 797 2432 providere,
819 2353 856 2410 ut
876 2345 1028 2411 honestas
1050 2344 1179 2432 utrique
1200 2341 1289 2429 parti
1322 2350 1357 2408 et
1380 2364 1424 2408 ιι·

131 2450 250 2534 ιιιὶιιι
272 2449 468 2538 profuturis
491 2447 690 2537 temporibus
713 2447 894 2513 interillos
916 2456 1234 2538 permanentemque
1258 2470 1298 2514 eo
1323 2449 1421 2515 dedu·

130 2575 205 2620 cere
225 2553 314 2638 velit,
349 2554 394 2619 ita
414 2562 451 2619 ut
470 2575 535 2619 una
557 2573 633 2641 pars
656 2560 768 2617 contra
789 2551 923 2617 alteram
948 2575 983 2619 se
1014 2575 1080 2619 non
1101 2551 1254 2619 vindicet
1302 2553 1416 2619 Ultimo

130 2655 260 2724 tandem
294 2656 379 2744 quod
395 2662 462 2723 'rex
491 2658 588 2745 juxta
618 2654 762 2721 debitam
784 2655 1015 2743 obligationem
1039 2679 1129 2723 suam
1160 2657 1286 2743 regiam
1321 2656 1416 2724 literis

129 2763 216 2849 regis
246 2759 405 2828 Ludovici
439 2759 545 2827 affinis
579 2761 629 2826 sui
652 2781 764 2826 sacrae
785 2762 970 2846 memoriae,
999 2783 1134 2851 quarum
1155 2761 1264 2827 varias
1294 2770 1425 2851 propter

130 2864 202 2932 illas
224 2864 441 2932 dissensiones
474 2867 508 2940 in
530 2865 720 2932 Bohemiam
751 2866 901 2949 miserat,
919 2865 1107 2955 'providere
1136 2866 1216 2933 velit
1229 2915 1239 2950 ,
1274 2876 1313 2933 ut
1348 2867 1424 2934 haec

132 2953 240 3037 omnia
262 2972 333 3038 sine
355 2970 555 3062 praejudicio
577 2971 707 3037 illarum
728 2969 807 3036 fiant
830 2979 863 3036 et
884 2980 1125 3061 componentur.

215 3077 397 3163 Pragenses
419 3097 497 3142 vero
516 3076 586 3164 jam
607 3076 642 3141 in
665 3096 815 3164 supremo
838 3074 943 3162 gradu
965 3075 1137 3164 superbiae
1170 3077 1351 3162 constituti,
1376 3099 1423 3144 su·

129 3201 189 3270 per
210 3202 321 3246 omnes
357 3179 438 3246 alios
475 3189 583 3247 autem
604 3181 747 3246 maxime
769 3182 923 3267 magister
945 3181 1080 3265 Passek,
1103 3182 1139 3247 in
1161 3181 1247 3247 hunc
1269 3182 1374 3248 finem
1396 3198 1425 3255 et

131 3307 260 3351 sensum
282 3285 518 3374 responderunt
539 3284 729 3375 proceribus
759 3286 1023 3374 praenominatis,
1048 3286 1135 3374 quod
1165 3285 1213 3352 illi
1231 3287 1303 3375 jam
1325 3308 1423 3374 super

131 3389 213 3457 haec
244 3391 473 3457 resolutionem
508 3400 540 3456 et
562 3391 704 3457 edictum
725 3392 814 3477 regis
835 3389 995 3458 Ludovici
1018 3414 1076 3480 pro
1099 3414 1135 3457 re
1152 3391 1303 3480 judicata
1323 3391 1422 3458 habe·

129 3503 195 3579 ant,
218 3503 330 3561 contra
366 3494 535 3584 quasillis
567 3517 630 3562 nec
652 3495 806 3579 debitum,
828 3518 891 3561 nec
912 3495 1067 3585 possibile
1098 3495 1151 3580 sit,
1174 3517 1247 3560 cum
1269 3494 1422 3582 relegatis

129 3620 164 3665 se
185 3608 384 3690 comportare
407 3608 462 3667 aut
483 3601 672 3686 transigere,
696 3602 898 3687 praesertim,
920 3609 957 3666 ut
979 3599 1179 3666 domicilium
1193 3621 1286 3664 suum
1301 3600 1419 3665 iterum

130 3702 255 3796 Pragae
277 3698 378 3793 figere
400 3703 566 3788 deberent,
590 3712 623 3770 et
644 3701 730 3792 quod
752 3704 780 3768 si
802 3703 884 3770 haec
906 3727 971 3770 uon
993 3704 1167 3788 obstarent,
1190 3703 1278 3790 quod
1301 3702 1413 3770 luben·

130 3817 179 3874 ιιι
215 3808 382 3875 vellent
371 3832 406 3875 ιιι
428 3808 577 3876 omnibus
614 3809 724 3895 regiae
746 3806 861 3874 volunt
848 3810 906 3875 tati
944 3819 976 3875 et
997 3809 1149 3876 mandato
1172 3808 1365 3875 satisfacere
1392 3815 1421 3874 ιι

129 3912 341 4018 confidere,
332 3937 364 3979 ιιι
387 3913 438 3979 his
460 3935 537 3980 vero
559 3913 624 3979 illis
646 3934 711 3979 non
735 3909 807 3979 esse
827 3914 983 4002 possibile
1006 3915 1150 4003 obsequi.
1174 3912 1228 3980 Ob
1250 3912 1372 3979 hanc
1362 3913 1420 4001 rgi-

128 4004 185 4084 tur
202 4038 333 4083 causam
351 4004 427 4083 illos
448 4020 586 4102 nescire,
609 4017 771 4106 quomodo
794 4017 903 4084 debite
933 4028 1009 4086 cont
1010 4043 1046 4085 ra
1084 4019 1170 4085 hanc
1191 4017 1421 4085 resolutionem

128 4128 160 4189 ιι
176 4121 358 4210 judicatum
379 4122 422 4188 ad
443 4122 532 4188 aliud
554 4122 710 4189 accedere
733 4121 899 4200 deberent,
878 4125 957 4189 tin
978 4125 1051 4190 aliis
1073 4146 1151 4192 vero
1163 4123 1272 4206 rebus,
1298 4146 1415 4214 excep·

128 4218 346 4297 tedomicilio
368 4227 469 4315 partis
490 4224 648 4293 adversae
669 4226 796 4313 Pragae
817 4225 976 4304 habendo,
1003 4229 1089 4316 quod
1102 4228 1285 4314 transigere
1298 4238 1415 4296 etcum

126 4329 192 4397 illis
214 4330 415 4423 comportare
438 4353 476 4396 ac
498 4333 570 4418 regi
594 4330 779 4397 satisfacere
802 4330 930 4398 vellent

211 4433 284 4525 Hoc
305 4434 380 4501 dato
402 4457 558 4524 responso
580 4458 646 4502 non
667 4444 816 4525 poterant
836 4437 871 4500 in
895 4459 930 4501 se
964 4437 1127 4503 occultare
1150 4438 1326 4525 superbam
1351 4441 1418 4507 ino·

125 4536 333 4623 bedientiam,
358 4541 519 4606 contrarie
541 4562 576 4605 ιι
599 4538 799 4628 opponentes
822 4539 898 4605 huic
921 4561 977 4605 suo
1001 4541 1141 4625 domino,
1154 4543 1238 4608 sicut
1260 4552 1295 4606 et
1307 4545 1416 4630 priori,

125 4638 319 4733 praesertim
339 4645 374 4710 in
397 4643 458 4729 his,
481 4642 567 4732 quod
589 4643 721 4731 ipsimet
741 4645 776 4709 in
799 4666 834 4710 se
856 4647 1048 4711 attraxerint
1070 4655 1263 4736 potestatem
1288 4659 1322 4714 et
1332 4649 1416 4716 obli·

108 4749 282 4833 gationem
302 4751 443 4842 regiam,
468 4749 559 4823 dum
581 4750 675 4821 sein
694 4748 759 4821 hoc
792 4749 1010 4838 firmaverunt,
1051 4753 1137 4842 quod
1158 4752 1224 4822 iilis
1255 4753 1417 4842 possibile
