2948 5040
128 113 191 209 ,120

126 286 236 377 omnia
273 282 403 375 judicia
449 289 482 351 et
515 266 694 365 sententias
736 284 1105 383 excommunicationum
1138 291 1198 371 eta
1250 285 1464 375 Recogno-

92 428 94 435 =
124 398 253 458 scentes
275 388 350 455 illos
372 409 445 453 esse
466 384 583 473 iratres
606 386 775 472 ecclesiae,
798 397 830 463 et
852 410 957 499 veros,
979 388 1142 513 honestos,
1173 399 1207 483 et
1228 389 1421 503 obedientes

123 493 209 575 filios
231 515 329 562 verae
350 492 436 559 fidei.

671 660 820 732 CAPUT
842 666 872 733 7.

124 780 162 842 In
184 798 244 857 quo
265 775 443 852 insinuatur,
469 776 710 855 quomedeDeus
734 778 821 837 modo
843 774 1018 837 admirando
1040 775 1218 853 causaverit,
1241 778 1324 857 quod
1340 776 1420 848 Ger·

123 868 206 928 mani
228 884 296 926 cum
316 863 459 925 Bohemie
492 864 560 924 sine
587 863 676 924 bellis
708 872 737 923 et
759 862 955 937 effusionibus
978 861 1141 943 sanguinis
1167 865 1197 924 in
1220 867 1417 943 concordiam

125 964 156 1016 et
176 973 280 1032 pacem
300 951 458 1023 miserint,
482 950 642 1028 etquidem
653 952 788 1011 maxima
809 954 846 1010 de
860 970 961 1026 eausa,
983 969 1037 1029 per
1047 951 1230 1029 agnitionem
1242 953 1340 1012 Verbi
1348 954 1419 1013 Dei.

207 1053 262 1119 Ex
290 1051 518 1139 suprascriptis
549 1052 669 1117 veritas
702 1050 873 1133 invenitur,
907 1050 993 1137 quod
1027 1054 1171 1117 scitiores
1202 1051 1343 1125 Bohemi
1378 1051 1420 1118 ob

126 1149 218 1227 v'aria
238 1155 374 1223 dissidia
395 1157 430 1219 in
452 1176 554 1240 regno
576 1154 752 1220 Bohemiae
789 1146 922 1219 et'alibi
943 1162 1056 1220 contra
1076 1155 1150 1223 illos
1173 1154 1419 1222 exortaallabo

122 1263 278 1340 caverint,
300 1269 337 1327 ιιι
356 1250 400 1325 ad
420 1260 574 1333 unionem
594 1260 766 1348 pervenire
788 1260 915 1347 possint
936 1260 1175 1347 oum'gentibus
1198 1261 1281 1345 aliis,
1305 1261 1416 1328 volen-

109 1375 274 1434 testunc
295 1365 406 1431 fauces
428 1363 501 1430 talis
522 1362 635 1453 rabiei,
667 1386 749 1451 quae
772 1373 839 1429 tum
861 1361 1065 1449 dilatabatur,
1098 1364 1275 1431 obstruere.
1320 1366 1416 1433 Nune

124 1494 202 1539 voro
224 1472 297 1537 Deo
320 1468 496 1558 adjuvante
530 1490 584 1533 res
617 1490 656 1533 eo
678 1469 819 1547 devenit,
855 1468 941 1555 quod
962 1468 1086 1555 absque
1114 1469 1263 1537 omnibus
1294 1471 1418 1536 incom-

123 1574 230 1652 modis
265 1582 298 1639 et
318 1573 485 1638 hominum
519 1573 615 1651 curis,
638 1572 800 1638 Dominus
823 1571 913 1636 Deus
944 1573 1111 1660 inopinate
1133 1582 1246 1660 gentes
1268 1577 1419 1662 proxime

124 1678 392 1770 circumjacentes
425 1676 468 1741 ad
496 1670 707 1761 agnitionem
729 1676 813 1761 legis
846 1675 978 1742 divinae
1011 1678 1211 1759 excitaverit,
1251 1679 1308 1766 qui
1341 1679 1419 1745 alias

125 1806 254 1872 semper
275 1779 455 1849 adversarii
466 1778 685 1844 Bohemorum
709 1779 848 1863 fuerunt,
870 1780 1016 1847 nolentes
1038 1783 1103 1847 illis
1124 1783 1234 1849 favere
1256 1793 1290 1848 et
1312 1783 1418 1850 locum

126 1889 204 1954 dare
226 1884 547 1975 ei,.qu0d.dominus
571 1884 663 1950 Deus
687 1887 734 1950 eis
755 1907 815 1973 pro
837 1885 948 1951 futura·
956 1889 1073 1953 virium
1096 1889 1320 1953 imminutione
1332 1888 1418 1954 sedis

122 1992 249 2082 papalis
271 1991 413 2058 tribuere
434 1989 587 2079 dignatus
608 1991 679 2068 fuit,
713 2011 820 2076 neque
855 1992 987 2057 credere
1016 1991 1179 2076 volebant,
1218 1993 1290 2058 dari
1304 2016 1307 2021 ·
1321 2016 1417 2082 posse

111 2097 247 2186 ‘aliquid
268 2098 477 2180 constantius,
512 2099 631 2162 certius
653 2095 749 2161 etad
771 2082 982 2161 substantiam
1006 2097 1118 2163 salutis
1147 2097 1265 2181 utilius,
1289 2107 1418 2186 praeter

79 2284 82 2295 Ι
123 2201 257 2293 papales
293 2211 325 2267 et
357 2202 492 2268 aliorum
524 2200 691 2267 hominum
724 2201 978 2268 constitutiones.
1021 2201 1088 2267 Ubi
1120 2204 1224 2290 prime
1246 2203 1416 2288 Erasmus,

122 2315 196 2395 post
216 2305 308 2372 illurn
330 2314 438 2372 autem
460 2304 557 2392 paulo
579 2313 653 2392 post
674 2299 781 2368 adhuc
803 2303 961 2370 fervidius
983 2305 1141 2371 Martinus
1158 2288 1322 2374 Lntherus
1346 2314 1419 2374 cum

124 2410 316 2499 sequacibus
340 2410 405 2474 suis
428 2432 471 2474 ex
490 2410 648 2474 instinctu
670 2407 781 2472 divino
809 2408 989 2475 Germanas
1012 2411 1279 2497 circumjacentes
1303 2423 1416 2499 gentes

124 2524 263 2587 suenus,
278 2513 456 2580 seeundum
477 2515 585 2601 legem
608 2512 752 2578 divinam
775 2512 1017 2597 animaverunt3
1040 2515 1416 2603 itaqueresadmiranda

125 2630 182 2705 est,
206 2620 292 2708 quod
313 2626 389 2684 ante
410 2628 556 2706 tempora
578 2626 611 2683 et
632 2639 735 2684 annos
757 2622 949 2705 praeteritos
972 2620 1128 2687 Germani
1151 2629 1183 2686 et
1204 2621 1289 2687 aliae
1302 2632 1413 2708 gentes
1442 2638 1444 2642 ’

66 2756 70 2763 ’
124 2730 231 2816 legem
252 2726 356 2793 Dei
347 2749 382 2791 m
413 2746 531 2811 magno
564 2734 751 2813 contemptu
774 2726 956 2808 habuerint,
992 2725 1088 2792 modo
1121 2733 1229 2792 autem
1267 2727 1344 2793 ad
1346 2751 1413 2795 eam

121 2834 257 2929 propius
280 2830 493 2912 accesserint,
525 2830 684 2917 quomodo
717 2833 827 2919 itaque
859 2831 908 2919 illi
929 2832 1063 2918 papales
1097 2830 1228 2918 legati
1219 2855 1253 2896 ιιι
1277 2835 1413 2900 concilio

125 2938 336 3005 Basileensi
327 2959 362 3002 ιιι
384 2936 760 3023 compactatisBohemis
784 2945 815 3001 et
803 2914 968 3002 tMoravie
991 2936 1209 3004 confoederati
1232 2948 1318 3023 sunt,
1343 2956 1421 3006 cum¹

123 3044 261 3109 Romani
282 3064 446 3128 nunquam
481 3050 530 3105 sat
519 3040 750 3125 tisfecerintu
729 3042 1135 3107 mexcommunicationes
1166 3044 1411 3132 peregrinarum

124 3150 290 3214 nationum
324 3146 437 3212 tollere
460 3144 630 3228 deberent,
664 3147 763 3211 sed’
753 3168 818 3211 nno
850 3148 920 3211 sine
953 3147 1176 3213 imminutione
1205 3157 1432 3215 accreverunt·

124 3274 227 3340 usque
248 3250 290 3316 ad
312 3249 394 3315 haec
415 3258 569 3336 tempora,
608 3249 685 3314 dum
705 3251 740 3315 in
761 3251 947 3338 praesentia
981 3253 1216 3317 nominatorum
1249 3251 1416 3320 doctorum

99 3422 102 3428 ,
129 3357 198 3420 sine
219 3355 307 3419 omni
329 3351 485 3419 violentia
504 3354 539 3417 in
560 3375 684 3440 pacem,
719 3354 936 3433 concordiam,
970 3363 1002 3420 et
1022 3355 1167 3421 favorem
1199 3365 1315 3442 gentes
1345 3357 1416 3423 illas
1443 3402 1446 3409 -

129 3481 201 3526 eum
226 3458 350 3524 eisdem
372 3456 587 3538 adduxerunt,
608 3457 654 3522 ita
674 3459 798 3545 etjam
820 3443 951 3546 ipsimet
973 3461 1205 3545 poenitentiam
1218 3462 1417 3526 conscientia

126 3563 215 3629 ducti
237 3562 372 3648 egerint,
395 3568 618 3646 agnoscentes,
642 3561 728 3649 quod
750 3571 817 3626 tam
838 3562 897 3646 illi,
920 3585 1017 3649 quam
1037 3586 1263 3649 praecessores
1295 3587 1415 3655 eorum,

126 3668 276 3736 omnibus
297 3666 448 3732 fidelibus
470 3666 623 3732 Bohemis
646 3676 678 3732 et
699 3667 841 3735 Moravis
862 3669 1026 3735 modernis
1050 3679 1082 3734 et
1102 3670 1304 3757 praegressis
1334 3673 1415 3758 inju-

116 3774 205 3840 riam
227 3792 379 3857 magnam
399 3769 574 3854 intulerint,
597 3779 837 3838 contemnentes
859 3773 932 3838 illos
956 3775 1025 3853 sine
1048 3795 1151 3849 eausa¹
1169 3785 1200 3839 et
1222 3773 1330 3862 culpa.
1363 3776 1415 3841 Ex

125 3876 242 3963 quibus
265 3874 399 3940 cuilibet
420 3883 517 3961 patet,
553 3874 639 3962 quod
661 3880 752 3941 medo
787 3888 974 3964 eornpaeteta
990 3900 993 3904 ·
1001 3881 1157 3962 fractum·
1174 3879 1295 3942 nullom
1325 3879 1415 3945 adfe³

127 3991 210 4063 rant,
244 3982 328 4045 sicut
348 3979 480 4045 forsitan
514 3990 588 4045 ante
620 4003 725 4046 annos
756 3983 988 4068 quinquaginta
1023 3993 1079 4047 aut
1107 3985 1286 4068 sexaginta-
1309 3985 1416 4073 aliquo

121 4085 223 4152 ‚modo
245 4085 364 4150 fructui
386 4106 458 4149 esse
480 4085 677 4171 potuerunt,
698 4085 756 4150 sed
789 4087 824 4150 in
845 4111 990 4173 meyerum
1014 4090 1223 4162 detrimentum
1254 4096 1286 4152 et
1311 4090 1415 4154 immi·
1448 4148 1452 4157 .

127 4193 292 4258 nuticnem
321 4190 467 4255 veritatis
501 4189 583 4281 legis
618 4191 750 4256 divinae
773 4190 833 4256 sub
866 4214 983 4278 magna
1017 4191 1204 4258 seductione
1238 4202 1271 4257 et
1304 4193 1416 4258 fraude
1448 4236 1450 4243 ·

129 4319 202 4363 esse
223 4295 390 4378 deberent,
414 4303 447 4359 et
467 4294 602 4378 Moravi,
634 4304 670 4360 ut
691 4295 748 4361 illa
770 4306 908 4374 servent,
927 4288 965 4361 'in
987 4299 1034 4362 eis
1057 4296 1212 4362 insertum
1235 4304 1301 4380 est3
1339 4299 1416 4362 item

126 4400 264 4467 Bohemi
287 4422 329 4466 ex
349 4408 441 4487 parte
464 4398 523 4463 sub
546 4408 682 4487 utraque
705 4402 814 4488 specie
837 4402 1150 4485 communicantium,
1183 4400 1260 4466 dum
1283 4422 1318 4466 se
1342 4403 1417 4467 sub·

126 4506 292 4587 miserunt,
315 4526 333 4568 e
355 4511 467 4568 contra
488 4524 565 4567 vero
589 4503 664 4568 dum
686 4505 768 4570 haec
790 4504 984 4571 desererent
1027 4505 1170 4593 Ideoque
1195 4527 1268 4572 cum
1281 4528 1415 4571 necesse

123 4612 193 4697 jam
216 4608 356 4690 nonsit,
390 4615 426 4672 ut
457 4627 543 4692 papa
575 4609 925 4675 excommunicationes
957 4609 1057 4693 tollat,
1092 4612 1261 4698 quaejam
1284 4609 1416 4675 aliunde

129 4715 201 4782 Deo
221 4714 269 4781 ita
289 4711 387 4787 dante
405 4711 577 4782 Germanis
597 4712 632 4780 in
654 4712 718 4780 Dei
739 4713 813 4802 lege
835 4712 980 4782 sublatae
1007 4723 1090 4800 sunt,
1114 4724 1150 4782 et
1163 4715 1260 4804 juxta
1272 4722 1414 4781 mentem
