2948 5040
430 333 434 340 ·
521 354 524 359 ·
610 329 942 421 curur·1o.4
1025 306 1083 333 ·“

63 528 134 601 ¹Ubi
158 526 283 587 refertur
314 529 350 589 de
379 529 507 606 quadam
529 529 650 589 Martha
678 527 841 591 aSancto.
856 525 1019 602 Clemente,
1053 547 1130 607 quae
1158 527 1249 589 etiam
1278 526 1358 586 sicut

69 616 188 695 priores
210 624 331 694 propter
353 615 552 677 testimonium
574 614 686 676 Christi
707 617 771 675 sine
800 616 881 682 omni
903 615 970 677 alia·
997 615 1086 695 culpa
1108 616 1262 675 combusta
1283 611 1357 688 fuit3

68 703 160 763 simul
183 720 274 781 quare
296 703 479 782 rebaptisata
500 703 597 779 fuerit,
626 708 775 778 narratur,
807 711 838 762 et
870 703 949 781 quod
978 703 1017 763 ad
1039 710 1164 765 mortem
1196 702 1357 781 prqcedens

271 850 274 855 ,
361 786 435 850 nulli
456 790 579 870 imagini
602 790 742 851 honorem
765 789 907 873 exhibere
927 787 1064 852 voluerit.

154 939 226 1007 His‘
247 941 342 1007 etiam
371 940 492 1015 diebus
514 941 694 1028 Pragenses
727 941 824 1009 aliam
857 941 1031 1008 foeminam
1060 943 1354 1024 incarceraverunt,

65 1045 198 1111 nomine
219 1044 389 1126 Martham,
429 1044 627 1112 habitantem
650 1047 685 1112 in
706 1046 813 1130 Pons,
847 1046 889 1111 ad
912 1047 947 1115 S.
970 1046 1181 1132 Clementem,
1218 1032 1259 1114 d'e
1291 1071 1357 1137 qua

65 1152 270 1236 dicebatur,
294 1150 379 1240 quod
412 1150 497 1235 illos¹
522 1150 706 1245 combustos
739 1151 917 1218 tirmverit
950 1153 986 1217 in
1021 1151 1109 1232 fide,
1149 1174 1191 1219 ne
1226 1153 1267 1220 ab
1300 1154 1358 1221 illa

55 1257 232 1341 recedant,
267 1256 353 1344 quo'd
376 1278 488 1322 verum
512 1277 583 1322 esse
617 1278 659 1322 ex
691 1254 764 1343 lege
794 1256 859 1322 Dei
889 1265 922 1323 et
953 1258 1111 1345 scriptura
1144 1266 1355 1344 agnoverunt,
1410 1342 1413 1347 ,

66 1361 154 1450 quod
167 1361 316 1429 Christus
337 1360 416 1426 alibi
436 1347 659 1449 personaliter,
683 1360 937 1427 substantialiter
959 1354 991 1427 et
1003 1363 1218 1429 essentialiter
1239 1385 1353 1430 secun·

64 1468 145 1543 dum
166 1474 321 1546 naturam.
337 1487 428 1531 suam
449 1487 605 1555 praesens
625 1487 691 1531 non
714 1466 767 1549 sit,
789 1465 848 1531 sed
868 1467 903 1532 in
926 1466 1026 1551 coelo,
1038 1465 1091 1535 ,ad
1112 1467 1280 1534 dexteram
1292 1467 1356 1533 Dei

65 1562 185 1637 sedens
207 1568 384 1636 secundum
407 1591 610 1635 communem
643 1568 851 1634 christianam
873 1568 979 1647 fidem,
1011 1578 1044 1636 et
1065 1570 1150 1658 quod
1179 1570 1236 1638 illa
1258 1572 1355 1637 etiam

63 1677 111 1753 ita
132 1673 254 1741 credat
298 1674 515 1760 Incongruum
537 1673 638 1739 ferme
670 1673 798 1739 veritati
829 1682 886 1758 est,
919 1670 1017 1761 quam
1039 1674 1205 1761 generose
1226 1684 1259 1742 et
1280 1698 1355 1747 eon·

64 1788 188 1846 stanter
209 1779 317 1845 locuta
338 1778 445 1862 fuerit,
468 1798 576 1843 coram
597 1778 762 1863 magistris
783 1779 818 1842 in
840 1779 1033 1849 consistorio
1055 1787 1088 1845 et
1108 1780 1143 1845 in
1166 1780 1274 1865 curia3
1298 1802 1354 1846 su·

61 1882 199 1972 perabat
220 1884 307 1950 enim
321 1890 578 1949 naturam‘sexus
600 1881 762 1948 foeminei.
793 1880 878 1947 Nam
892 1881 970 1948 dum
994 1881 1234 1949 administrator
1247 1883 1355 1953 eidem

64 1989 207 2054 minatus
229 1986 353 2072 fuisset,
375 1996 411 2053 ut
433 1986 636 2055 indusiasibi
651 1995 832 2075 praeparet,
856 1986 941 2075 quod
962 1987 1040 2073 igne
1062 1986 1275 2072 comburetur,
1298 1988 1354 2054 illa

10 2072 19 2093 ⁰
61 2093 218 2165 audacter
240 2078 417 2180 respondit,
452 2100 489 2158 ut
510 2091 766 2180 quandocunque
787 2091 899 2175 velint,
922 2112 988 2181 non
1009 2099 1133 2157 tantum
1146 2091 1275 2158 indusio
1297 2093 1355 2159 sed

64 2207 98 2265 et
117 2196 252 2285 pallium
273 2206 310 2261 ut
330 2195 379 2261 illi
395 2186 577 2285 imponant,
610 2194 701 2260 illam
723 2216 795 2259 esse
826 2194 868 2260 sd
898 2196 1006 2261 omnia
1026 2203 1180 2284 paratam.
1223 2195 1349 2277 Quibus

67 2300 179 2367 verbis
195 2300 339 2368 furorem
361 2299 448 2366 illius
471 2309 504 2365 et
525 2298 621 2366 totius
644 2300 827 2378 consistorii
849 2307 963 2374 contra
983 2300 1144 2386 seipsam
1166 2299 1263 2367 valde
1278 2322 1354 2366 con·

68 2405 188 2489 citarit,
210 2406 297 2495 quod
318 2427 396 2472 vero
418 2405 475 2471 illa
503 2426 569 2471 non
591 2406 735 2491 curavit3
764 2404 815 2469 his
838 2402 934 2469 dictis
962 2403 1051 2470 illam
1074 2403 1181 2470 denuo
1203 2404 1244 2470 ad
1278 2427 1354 2471 car-

64 2532 154 2576 ceres
184 2510 234 2577 ire
250 2502 430 2599 jusserunt,
465 2512 499 2576 in
532 2509 649 2598 quibus
677 2507 862 2576 carceribus
896 2507 1132 2598 quinquaginta
1164 2511 1352 2599 septimanis

61 2615 215 2681 continuo
237 2617 425 2703 permansit,
449 2615 653 2681 numerando
671 2637 788 2703 nempe
810 2637 831 2680 a
853 2614 1011 2704 supplicio
1032 2614 1160 2681 Nicolai
1182 2624 1215 2679 et
1237 2600 1353 2683 Clarae

60 2719 333 2811 supradictorum,
368 2742 432 2808 quo
455 2731 599 2808 tempore
618 2712 727 2789 varias
750 2708 783 2787 et
799 2722 939 2806 'magnas
968 2720 1162 2786 tentationes
1196 2727 1231 2784 et
1244 2721 1354 2789 minas

57 2846 225 2915 perpessa·
239 2824 308 2911 fuit,
345 2826 481 2891 citantes
514 2825 607 2891 illam·
627 2825 669 2891 sd
691 2825 814 2891 curiam
847 2832 880 2889 et
905 2823 1102 2912 persuadere
1131 2822 1289 2907 volentes,
1319 2833 1355 2891 ut

59 2951 98 2997 se
116 2931 154 2995 in
174 2928 239 2995 fide
273 2931 424 2996 emendet
456 2929 579 3016 absque
601 2932 688 2997 omni
716 2930 772 2996 tali
794 2928 979 3009 afflictione,
1002 2951 1097 3018 quam
1114 2930 1273 2995 sustinere
1295 2928 1351 2994 de·

56 3034 140 3102 buit.
182 3034 244 3100 Illa
265 3058 342 3101 vero
363 3036 459 3124 copia
481 3035 655 3102 verborum
688 3034 866 3102 abundanti
889 3031 1044 3121 praedita
1071 3033 1144 3125 illos
1166 3055 1279 3102 omnes
1301 3056 1352 3099 su·

61 3139 190 3228 paravit
223 3139 365 3205 textibus
403 3141 581 3228 scripturae
614 3162 736 3224 sacrae,
766 3139 909 3229 ideoque
942 3161 1070 3228 semper
1101 3139 1206 3223 magis
1239 3147 1352 3226 eontra

59 3243 149 3310 illam
173 3243 451 3335 exacerbabantur
473 3246 522 3311 ira
550 3255 607 3312 aut
640 3226 747 3334 potius
779 3244 896 3323 furore,
927 3266 1000 3311 cum
1022 3266 1057 3309 se
1079 3242 1128 3327 illi
1150 3243 1349 3310 sufficienter

60 3369 226 3437 opponere
249 3358 281 3414 et
314 3351 483 3416 veritatem
505 3350 593 3416 illius
615 3352 746 3417 vincere
767 3373 833 3417 non
854 3327 1132 3439 potuerint.‘Jam
1155 3349 1262 3437 itaque
1283 3349 1351 3415 fue·

59 3463 137 3519 runt
159 3474 257 3527 causa
281 3453 365 3519 illius
388 3457 509 3539 mortis,
532 3455 676 3521 dieentes
699 3479 733 3521 se
756 3456 844 3522 illam
874 3455 977 3521 libere
999 3476 1095 3542 posse
1128 3475 1293 3519 assumere
1314 3455 1350 3519 in

57 3559 289 3625 conscientiam
315 3581 415 3624 suam.
460 3561 502 3624 Et
525 3560 601 3625 dum
624 3546 810 3638 advenisset
844 3561 914 3626 dies
940 3561 976 3627 S.
999 3559 1163 3625 Barbarae
1187 3558 1230 3647 (4.
1254 3558 1350 3646 Dec.)

57 3685 145 3728 anno
162 3663 233 3749 jam
255 3663 356 3729 ferme
378 3666 504 3750 integro
526 3650 629 3747 finito,
649 3687 767 3753 nempe
791 3666 884 3748 lert,
915 3663 1067 3751 colligata
1089 3664 1205 3730 educta
1226 3663 1287 3729 fuit
1308 3685 1351 3728 ex

55 3767 240 3832 carceribus
255 3768 296 3864 ad
309 3768 512 3862 supplicium,
536 3778 571 3837 ut
583 3769 796 3837 comburatur.
814 3759 1109 3858 Apparitor'autem
1125 3756 1350 3856 proclamavitr

32 3870 145 3959 ,quod
168 3871 229 3936 hac
251 3882 354 3939 morte
387 3876 469 3939 mori
491 3873 609 3941 debeat
639 3874 724 3958 ideo,
758 3875 834 3963 quia
855 3873 1074 3963 blasphemias
1101 3871 1220 3938 ¹contra
1241 3872 1358 3953 Deum,

57 3986 90 4041 et
112 3985 315 4043 sacramenta
335 3979 477 4064 protulit,
513 3989 546 4044 et
567 3979 653 4067 quod
673 4001 740 4044 non
762 3978 874 4045 credat
894 3981 928 4043 in
950 3999 1067 4066 corpus
1089 3976 1212 4044 Christi
1235 3970 1352 4043 sacha-¹

54 4082 213 4164 risticum,
260 4084 358 4147 etiam
389 4084 556 4150 aJoanne
577 4082 727 4150 Kalenet'
755 4083 897 4150 secundo
930 4081 1092 4170 baptisate
1113 4082 1219 4164 fuerit,
1253 4090 1350 4148 etex
1407 4112 1409 4117 ’

54 4186 159 4252 calice
188 4185 251 4251 hoc
284 4186 480 4274 (monstrans
512 4189 618 4277 illum)
652 4187 693 4254 ab
728 4187 841 4253 eodem
874 4188 1131 4253 communionem
1167 4186 1349 4274 sumpserit.

55 4290 150 4372 Quae
172 4290 229 4356 illa
252 4290 387 4357 audiens
411 4297 554 4380 negavit,
588 4296 717 4363 dicens:
751 4297 869 4363 falsum
891 4318 972 4379 esse,
1003 4294 1090 4384 quod
1129 4293 1349 4382 blasphemias
1430 4360 1433 4364 Δ

56 4406 170 4465 contra
193 4407 396 4463 sacramenta
418 4401 597 4488 protulerit,
632 4403 690 4469 sed
713 4403 800 4490 quod
831 4403 959 4486 credat,
984 4399 1150 4467 Christum
1172 4400 1349 4465 Dominum

57 4525 131 4568 esse
153 4525 267 4569 verum
290 4503 399 4569 Deum
423 4514 455 4571 et
476 4504 650 4591 hominem,
683 4510 737 4596 qui
759 4507 907 4574 ascendit
934 4509 969 4574 in
992 4505 1118 4572 coelum
1141 4514 1172 4570 et
1194 4502 1287 4571 sedet
1308 4501 1351 4568 ad

54 4607 226 4675 dexteram
238 4608 303 4673 Dei
319 4607 424 4675 Patris
442 4612 501 4694 sui,
525 4611 603 4678 iude
619 4621 774 4680 venturus
797 4594 1006 4701 estjudicare
1028 4609 1121 4677 vivos
1144 4614 1348 4691 etmortuos3

58 4721 95 4778 ut
116 4735 195 4779 vero
217 4715 251 4780 in
276 4713 389 4780 eadem
413 4717 554 4784 essentia
577 4726 608 4784 et
631 4717 810 4786 substantia
838 4719 874 4783 in
895 4716 988 4782 altari
1011 4716 1066 4799 sit,
1092 4713 1131 4779 id
1147 4720 1252 4796 uergat
1266 4707 1357 4772 sdes
