2948 5040
1325 161 1379 247 dd

73 343 108 401 61
130 333 314 400 convenire.
356 331 401 396 Et
421 329 498 397 inde
520 330 696 421 perfectius
717 330 839 400 dictum
862 331 1030 416 concludo,
1053 329 1142 419 quod
1154 337 1244 411 elcut,
1260 357 1377 409 rerum

76 446 137 522 est,
172 436 260 523 quod
292 436 396 502 Micro
409 474 424 487 -
437 435 545 522 Praga
576 434 776 522 Pragenscm
810 439 977 505 civitatem
1010 435 1171 525 reliquam
1203 460 1370 529 nunquam

79 542 329 630 expugnaverit,
372 538 511 628 ideoque
533 561 669 605 necesse
692 562 757 606 non
779 541 892 623 fuisse,
914 546 949 607 ut
971 549 1104 608 senatus
1137 549 1283 631 tempore
1305 545 1370 615 hoe

76 650 112 713 in
136 649 227 713 curia
249 645 440 728 conveniat3
475 645 520 709 116
543 645 673 710 omnino
696 667 810 711 verum
834 655 892 729 est,
928 644 1016 733 quod
1036 643 1140 711 Micro
1155 643 1369 736 ·Pragsnaes

74 753 181 840 primo
227 773 302 817 cum
337 748 599 837 Oujendensibus
634 757 667 815 et
709 749 989 816 Hradiinensibus
1031 757 1064 814 61
1095 749 1229 818 tandem
1270 754 1370 825 etiam

74 879 150 922 cum
172 856 282 922 multis
305 852 537 939 Pragensibus,
561 854 646 918 sicut
662 854 733 941 jam
756 853 877 921 dictum
901 854 972 938 fuit,
1004 854 1257 943 conjuraverint,
1281 859 1370 948 quod

75 963 110 1026 in
132 970 208 1026 actu
230 960 485 1027 demonstratum
508 957 578 1042 fuit,
601 980 676 1023 cum
697 958 794 1045 paulo
829 968 903 1046 post
920 959 1149 1043 dissensiones
1179 969 1270 1035 ortae
1292 966 1367 1046 sint,

76 1067 166 1134 nullo
189 1063 398 1153 impediente,
422 1063 519 1129 etiam
542 1062 672 1129 61111116
696 1063 829 1146 similes,
853 1065 919 1129 imo
943 1072 976 1129 61
997 1063 1193 1151 Pragenses,
1216 1065 1259 1132 ad
1280 1066 1365 1154 haec

75 1172 231 1238 concitati
252 1169 380 1252 fuerint,
405 1174 444 1231 61.
458 1168 503 1231 116
525 1166 568 1233 ad
591 1167 675 1232 hanc
698 1167 921 1233 confusionem
943 1189 1055 1233 omnes
1072 1167 1240 1256 juvarunt.
1283 1168 1372 1239 Illud

74 1298 154 1362 ergo
176 1275 321 1342 resciens
344 1274 458 1341 consul
468 1273 644 1360 Pragensis
667 1296 741 1340 cum
764 1273 977 1357 senatoribus,
1000 1272 1081 1362 quid
1101 1273 1151 1341 illi
1172 1273 1242 1341 fere
1255 1297 1369 1345 omncs

72 1381 207 1455 insimul
228 1380 408 1464 intendant,
431 1400 473 1444 ex
495 1377 556 1443 hac
579 1380 769 1463 intentione,
807 1388 839 1445 61
861 1402 928 1445 non
949 1380 1015 1446 alia
1038 1379 1169 1467 vesperi
1194 1381 1371 1453 incuriam

72 1492 302 1552 consenatores
331 1506 406 1551 suos
428 1484 602 1550 convocari
631 1484 718 1567 fecit,
753 1491 789 1549 ut
818 1482 895 1549 16116
915 1485 1010 1551 initia
1028 1485 1219 1571 impediant,
1254 1494 1288 1553 61
1304 1487 1369 1565 in·;

72 1588 296 1656 cendiumhoc
318 1611 384 1654 non
406 1587 568 1671 dilatetur,
592 1591 644 1654 cui
666 1597 785 1672 tamen,
809 1588 851 1655 ob
874 1588 971 1655 talem
979 1591 1246 1679 conjurationem,
1269 1592 1363 1681 cujus

72 1695 142 1761 dux
164 1703 197 1758 61
218 1715 317 1760 causa
337 1693 432 1780 Zyka
454 1692 525 1770 fuit,
558 1693 711 1758 resistere
734 1714 800 1758 non
822 1701 1019 1779 potuerunt;
1040 1715 1119 1761 vero
1142 1694 1249 1762 simile
1272 1695 1360 1763 enim

73 1822 142 1865 non
163 1799 237 1880 fuit,
256 1805 292 1863 ut
314 1819 425 1863 curam
447 1806 559 1863 contra
581 1805 885 1885 parvo-partenses
919 1797 1086 1882 haberent,
1119 1800 1149 1865 si
1169 1799 1269 1867 etiam
1290 1820 1367 1867 cum

71 1902 297 1985 Slanensibus,
320 1900 596 1984 Berounensibus,
620 1910 653 1966 et
674 1923 750 1967 arce
771 1901 931 1988 Pragensi
961 1901 1183 1969 confoederati
1214 1899 1365 1987 1111666111,

71 2030 189 2098 parum
210 2007 275 2073 illis
298 2008 473 2094 profuisset
495 2016 528 2072 et
538 2006 713 2073 ridiculum
735 2017 920 2094 appareret,
944 2007 972 2071 61
995 2028 1123 2085 causae,
1152 2008 1224 2095 jam
1245 2007 1366 2097 allega·

70 2123 135 2197 tae,
158 2135 224 2178 non
247 2112 437 2196 adfuissent,
468 2119 501 2177 ct
523 2113 606 2177 sicut
629 2119 741 2177 contra
762 2111 831 2177 vim
851 2110 977 2177 nullum
999 2119 1049 2177 661
1070 2111 1281 2200 praesidium,
1314 2113 1367 2183 ia

72 2220 200 2306 justitia
234 2219 333 2284 etiam
366 2240 459 2282 suum
493 2215 601 2304 perdit
635 2215 786 2282 valorem.
830 2214 874 2281 Et
907 2238 973 2283 non
993 2224 1118 2293 tantum
1149 2217 1365 2285 communitae

75 2323 255 2410 ignorabat,
294 2322 381 2410 quod
402 2321 498 2409 Zyka
531 2320 591 2387 tali
626 2320 723 2387 modo
758 2320 995 2410 conjuraverit3
1029 2323 1271 2390 verumetiam·
1298 2320 1366 2408 illia

74 2429 145 2518 (qui
165 2437 243 2495 tunc
266 2451 339 2495 cum
364 2426 488 2510 eodem,
511 2425 659 2492 adhaec
682 2426 791 2492 omnia
811 2427 969 2513 persuasi,
992 2425 1037 2493 ad
1059 2435 1208 2495 senatum
1220 2426 1365 2514 ingressi

69 2534 210 2616 fuerunt,
246 2555 383 2622 quorum
412 2554 477 2597 non
510 2553 630 2619 parvus
664 2530 726 2595 fuit
758 2529 925 2618 numerus)
949 2530 1028 2619 quid
1050 2539 1175 2618 agetur,
1212 2530 1361 2619 ignotum

68 2638 141 2722 fuit,
175 2648 272 2726 prout
293 2638 341 2705 illi
364 2645 478 2727 postea
500 2637 580 2701 fassi
600 2634 740 2717 fuerunt,
774 2634 830 2700 1116
853 2643 963 2702 tamen
984 2635 1117 2703 tandem
1139 2636 1360 2725 praesumpsit

67 2742 152 2808 16166
174 2742 273 2830 loqui,
298 2742 384 2830 quod
406 2741 614 2830 quidcunque
637 2741 713 2825 egit,
735 2739 818 2806 nihil
841 2741 954 2827 egerit,
976 2741 1254 2831 sinereliquorum
1278 2741 1364 2809 66111

68 2857 102 2912 61
123 2849 249 2930 notitia,
286 2857 401 2934 postea
423 2855 531 2912 autem
565 2849 738 2913 severitate
760 2849 1026 2914 communitatem
1055 2849 1099 2916 ad
1129 2849 1212 2932 baec
1246 2851 1367 2938 coegit,

72 2951 162 3040 quod
185 2953 275 3018 casui
297 2960 329 3017 et
351 2953 433 3019 actis
455 2953 505 3019 1116
530 2953 713 3019 consentire
736 2951 917 3019 debuerint

496 3184 498 3188 ·
611 3142 758 3210 CAPUT
783 3144 833 3210 18.

65 3259 103 3315 In
139 3272 197 3329 quo
220 3262 348 3328 notatur,
387 3257 466 3328 quod
505 3262 575 3331 post
608 3254 810 3330 supradictam
838 3252 1104 3314 incarcerationem
1141 3255 1222 3317 circa
1243 3260 1361 3337 tempus

65 3341 211 3415 meridiei,
235 3343 363 3419 populus
387 3350 518 3400 armatus
541 3341 574 3398 in
597 3340 713 3400 curiam
728 3340 902 3414 accurrerit,
925 3340 957 3398 in
979 3355 1039 3414 qua
1061 3349 1161 3402 tamen
1184 3342 1360 3404 confusione

67 3439 97 3488 et
119 3428 238 3489 fervore
259 3429 329 3486 mali
352 3429 427 3487 nihil
457 3436 554 3487 actum
577 3427 654 3501 luit;
679 3428 778 3487 nullus
792 3428 879 3506 ¹enim
902 3425 1005 3498 scivit,
1035 3429 1103 3505 quis
1126 3429 1178 3489 uni
1200 3439 1251 3490 aut
1273 3429 1361 3492 611611

259 3517 427 3586 adhaereat,
452 3516 548 3574 solum
570 3514 702 3575 invicem
725 3513 884 3592 capiebant·
904 3523 934 3576 61
955 3513 1193 3577 incarcerabant.
1282 3554 1284 3559 ·

155 3701 216 3765 His
238 3700 333 3766 factis
356 3701 454 3789 paulo
476 3709 551 3789 post
573 3703 660 3767 circa
682 3700 852 3766 meridiem
863 3721 973 3765 rumor
985 3698 1170 3786 divulgatus
1182 3700 1253 3785 fuit,
1276 3722 1360 3789 quae

64 3814 140 3870 acta
162 3806 236 3886 sint,
259 3803 315 3870 ubi
336 3806 476 3894 populus
500 3828 543 3870 ex
566 3807 654 3870 omni
677 3814 769 3893 parte
791 3813 933 3870 61116166
946 3805 1127 3888 incuriam,
1152 3804 1354 3873 ctadforum

62 3910 99 3975 in
122 3930 240 3995 magno
263 3931 397 3974 numero
420 3912 569 3993 accurrit,
593 3910 691 3999 [quod
713 3909 860 3975 terribile
882 3910 956 3975 visu
985 3908 1055 3975 fuit
1099 3909 1219 3977 Mirum
1250 3919 1359 3978 tamen

62 4022 144 4096 erat,
167 4014 253 4101 quod
275 4015 310 4078 in
333 4013 394 4079 hoc
423 4014 562 4097 fervore,
598 4023 630 4080 61
651 4015 833 4080 animorum
877 4013 1049 4079 exarsione
1085 4016 1172 4082 inter
1202 4015 1358 4105 populum

62 4127 177 4184 contra
197 4119 339 4184 invicem
370 4118 477 4185 nullae
501 4119 630 4202 caedes,
668 4120 837 4207 sanguinis
859 4117 1076 4207 profusiones,
1110 4119 1281 4188 domorum
1304 4122 1358 4188 in·

58 4222 250 4289 festationes
274 4232 407 4289 exortae
429 4223 562 4308 fuerint3
597 4227 653 4313 qui
675 4224 757 4290 haee
779 4223 864 4290 benc
887 4224 1095 4291 considerare
1116 4225 1197 4309 vult,
1224 4225 1379 4317 [duplex¹

59 4349 163 4392 causa
187 4327 284 4415 hujus
306 4328 448 4394 inveniri
470 4338 586 4416 potest.
632 4327 753 4412 Prima,
778 4351 851 4393 cum
875 4329 963 4395 61616
975 4338 1141 4420 appareat,
1164 4329 1251 4417 quod
1260 4330 1353 4398 Deua

61 4432 223 4520 populum
246 4432 288 4498 ab
311 4433 372 4499 hoc
395 4434 481 4499 malo
504 4434 680 4500 detinuerit
701 4443 733 4500 61
755 4434 976 4520 custodiverit,
999 4436 1056 4504 ubi
1091 4445 1201 4504 tamen
1219 4458 1296 4504 raro
1311 4436 1349 4505 fit

58 4537 154 4601 utin
176 4535 281 4626 primo
303 4537 411 4603 furore
434 4538 508 4604 talis
531 4549 622 4605 actus
645 4540 794 4629 alicujus,
817 4549 850 4606 et
872 4551 985 4610 contra
1007 4542 1149 4608 invicem
1166 4561 1356 4631 congressu,

58 4640 200 4729 populus
237 4643 358 4709 malum
394 4644 524 4732 aliquod
562 4667 628 4719 non
658 4654 818 4713 exerceat.
883 4646 1046 4729 Secunda,
1077 4647 1153 4733 quia
1185 4652 1263 4713 tunc
1299 4645 1356 4714 ad·

58 4745 126 4813 huc
146 4745 348 4834 dubitabant,
371 4751 574 4857 qui-scontros
586 4772 691 4842 quem,
713 4759 770 4821 aut
791 4774 868 4837 cum
878 4774 945 4845 quo
965 4774 1043 4839 esse
1059 4750 1150 4841 16111
1166 4748 1389 4847 salabim&-

1446 4984 1468 5027 'il
