2948 5040
134 157 200 226 260

133 327 247 395 exules
283 327 342 393 hos
364 327 406 394 de
427 325 567 416 quodam
589 327 674 393 malo
706 327 796 413 juste
817 346 958 413 arguere
980 346 1046 393 non
1070 332 1252 414 potuerint,
1276 324 1428 413 quamvis

136 431 268 522 quidem
289 456 325 499 se
356 432 563 520 jactaverint,
587 428 675 519 quod
710 430 784 497 illos
805 452 943 518 arguere
974 429 1017 497 de
1054 429 1250 520 quibusdam
1284 437 1430 518 possent,

137 538 166 604 si
197 536 241 604 ad
269 536 431 627 judicium
459 546 525 604 r'es
546 535 724 621 deveniret,
748 535 835 625 quod
864 521 1026 629 judicium
1047 543 1156 601 ιιιιιοιι
1177 534 1266 601 omni
1288 541 1434 622 tempore

136 642 290 741 vitarunt,
312 643 378 710 nisi
399 642 477 709 dum
499 664 612 710 omnes
632 641 717 711 forte
736 650 841 709 morte
862 641 1058 731 periissent;
1080 640 1153 717 fieri
1173 641 1286 729 itaque
1308 640 1431 722 debuit,

137 724 225 838 quod
246 730 374 834 utrique
397 770 453 816 eos
459 746 702 835 infestaverint
723 749 823 816 variis
844 749 950 816 modis
983 751 1054 816 sine
1087 753 1176 818 omni
1213 751 1328 818 debita
1359 752 1430 818 cita·

136 855 227 927 tione
249 861 282 920 et
302 824 523 938 exauditione,
545 854 667 942 injuste
690 877 749 921 eos
767 854 1011 943 supprimendo.
1035 855 1113 921 Ant
1091 866 1216 944 trquum
1247 857 1339 923 enim
1363 879 1429 946 pro-

137 959 285 1029 verbium
320 970 380 1061 est,
403 959 489 1048 qdod
513 968 625 1026 contra
653 960 808 1027 malleum
831 968 957 1026 scutum
977 959 1103 1026 nullum
1125 962 1179 1026 sit
1218 960 1358 1028 Lubens
1380 984 1430 1027 au·

140 1051 304 1151 diram,
274 1090 306 1133 ιι
319 1067 401 1155 quis
423 1064 503 1132 mihi
539 1066 667 1132 sincere
690 1065 801 1133 dicere
823 1064 932 1149 vellet,
957 1063 1086 1188 qualem
1109 1065 1239 1133 laudem
1263 1074 1297 1133 et
1318 1067 1430 1135 hones·

138 1178 240 1239 tatem
261 1168 478 1276 prudentibus
500 1168 557 1235 ille
579 1169 749 1258 anquirere
770 1169 884 1258 possit,
914 1172 971 1259 qui
992 1179 1187 1295 potestatem
1215 1172 1358 1255 habens,
1381 1173 1429 1242 bo·

136 1281 259 1347 minem
292 1271 501 1359 innocentem
523 1274 778 1369 aggrederetur
811 1274 1060 1365 aundemqne'
1050 1300 1086 1344 m
1119 1279 1191 1345 via
1214 1278 1430 1362 innocentem,

136 1358 336 1453 laboriosum
361 1390 400 1449 et
432 1361 570 1449 subinde
599 1380 643 1448 ad
675 1389 812 1447 mortem
848 1402 1040 1448 concussum
1074 1383 1141 1459 suis
1163 1383 1316 1451 omnibus
1339 1383 1431 1452 bonis

136 1491 317 1582 privaret.
335 1487 410 1554 Hoc
440 1487 547 1553 enim
559 1487 742 1573 contigerat
771 1485 910 1553 subinde
945 1486 987 1554 ab
1009 1486 1207 1573 hominibus,
1230 1489 1366 1577 caepim
1387 1490 1430 1554 in·

138 1593 271 1661 telleotu
299 1614 379 1659 sano
415 1589 562 1680 privatis,
584 1591 663 1658 dum
684 1591 747 1658 hoc
769 1601 916 1680 tempore
937 1591 1011 1658 illos
1034 1593 1149 1659 exules
1170 1594 1295 1661 honore
1319 1602 1356 1658 et
1375 1593 1431 1659 bo·

138 1686 192 1767 nis
214 1699 437 1793 privaverant,
461 1697 554 1786 quasi
576 1698 674 1763 etiam
696 1718 767 1786 per
777 1697 839 1763 hoc
860 1696 1013 1763 honestas
1034 1696 1101 1764 illis
1122 1695 1277 1784 adempta
1308 1696 1431 1778 fuisset,

137 1825 205 1870 non
226 1801 445 1889 advertentes,
468 1823 510 1866 an
533 1800 632 1867 talem
653 1822 792 1890 poenam
815 1802 912 1869 etiam
934 1803 1150 1888 praecesserit
1172 1800 1337 1888 quaedam
1359 1823 1431 1868 con·

139 1905 250 1995 digna,
266 1907 360 1995 justa
382 1914 414 1971 et
436 1903 546 1970 debita
568 1903 664 1993 culpa
685 1905 739 1970 vel
765 1927 842 1972 non.

223 2011 402 2079 Fateantur
435 2031 547 2077 omnes
579 2009 630 2076 illi
662 2009 843 2092 veritatem,
878 2009 1026 2097 quisnam
1050 1986 1092 2077 ex
1113 2009 1165 2076 his
1187 2006 1319 2075 duobus
1341 2010 1432 2077 morti

138 2114 321 2206 adjudicari
341 2112 480 2196 debeat,
513 2135 556 2178 an
588 2112 655 2195 illa,
690 2113 742 2178 cui
771 2135 792 2177 a
825 2111 920 2178 malis
949 2112 1176 2180 hominibus
1166 2136 1202 2185 ιιι
1233 2117 1290 2181 via
1327 2116 1432 2181 omnia

136 2219 225 2289 bona
245 2219 392 2308 abrepta,
414 2225 470 2283 aut
490 2216 549 2302 illi,
572 2216 628 2305 qni
651 2217 681 2282 ei
702 2215 785 2282 haec
806 2214 893 2283 bona
903 2216 1297 2306 violenterabripuerunt,
1309 2218 1431 2300 nullum

132 2327 190 2415 jus
211 2326 247 2393 in
279 2347 353 2392 eum
381 2321 560 2408 ‘habentes3
593 2329 649 2387 aut
669 2343 716 2405 an
733 2319 798 2386 illa¹
811 2320 954 2388 melioris
976 2322 1081 2389 famae
1113 2324 1165 2407 sit,
1180 2324 1244 2412 qui
1267 2323 1431 2390 hominem

137 2431 345 2497 innocentem
366 2427 402 2523 in
423 2426 478 2493 via
499 2424 629 2509 occidit,
652 2435 685 2492 et
707 2447 780 2493 eum
803 2426 922 2514 injuste
943 2425 1040 2492 bonis
1074 2420 1224 2494 omnibus
1246 2428 1389 2517 privat?
1407 2430 1430 2493 si

137 2534 198 2599 ita:
221 2541 300 2601 tunc
320 2532 385 2612 illi,
409 2531 466 2617 qui
487 2538 683 2620 potestatem
715 2552 807 2597 suam
844 2537 877 2594 et
904 2529 971 2601 vim
992 2533 1028 2598 in
1065 2531 1177 2598 exules
1211 2531 1425 2616 exhibuerint,

139 2638 237 2705 etiam
273 2637 418 2705 melioris
448 2635 562 2703 *famae
599 2644 695 2711 erunt
730 2656 828 2724 quam
876 2633 998 2702 exules.
1056 2635 1151 2702 Hoc:
1174 2636 1224 2703 illi
1262 2638 1425 2718 violenter,

137 2749 333 2831 potestatem
354 2744 389 2808 in
410 2740 494 2810 alios
513 2739 673 2808 habentes
696 2739 882 2820 effecerunt,
905 2737 1014 2806 nullus
1035 2748 1143 2818 autem
1176 2739 1321 2835 alterum
1352 2744 1428 2833 juste

138 2845 227 2915 fama
258 2854 291 2913 et
320 2828 442 2912 honore
474 2844 605 2934 privare
638 2851 760 2932 potest,
798 2843 863 2908 nisi
885 2852 1055 2930 suspectus
1077 2845 1167 2931 prius
1189 2844 1342 2912 adhaec
1364 2865 1424 2911 cau·

139 2971 212 3017 sam
231 2948 312 3017 alter
333 2950 472 3039 ipsemet
493 2938 652 3014 tribuerit.
695 2944 827 3012 Nullum
850 2947 948 3013 ctiam
976 2947 1033 3034 jus
1054 2947 1219 3014 hominem
1254 2947 1363 3015 talem
1380 2947 1427 3012 ho

137 3074 218 3123 nore
251 3054 370 3143 privat,
394 3054 508 3142 quise
536 3052 606 3141 juri
638 3050 681 3117 ad
713 3050 1012 3138 recognoscendum
1043 3051 1154 3136 tradit,
1187 3051 1296 3119 donec
1327 3073 1428 3120 coram

133 3148 262 3251 judicio
286 3159 377 3247 justo
399 3159 435 3223 in
455 3156 525 3234 his,
550 3154 727 3249 inquibus
757 3163 928 3244 suspectus
948 3155 1030 3235 fuit,
1063 3158 1169 3224 victus
1197 3155 1313 3238 fuerit,
1337 3156 1428 3224 talem

137 3283 254 3329 verum
270 3263 395 3352 justum
408 3261 622 3346 condemnat,
654 3262 710 3349 qui
740 3259 916 3329 secundum
945 3263 1022 3351 jura
1035 3283 1079 3328 se
1113 3262 1255 3350 dirigere
1274 3283 1347 3330 non
1366 3258 1429 3331 vult

141 3367 199 3441 scd
219 3366 379 3452 'violentia
399 3367 508 3435 utitur.
622 3444 626 3451 ¹

671 3555 822 3667 cAPuT
844 3558 895 3626 29

141 3751 203 3815 Ubi
235 3761 366 3831 notatur,
399 3756 498 3840 quod,
530 3753 601 3813 dum
635 3755 773 3816 dominns
794 3753 920 3813 Hlawsa
952 3773 1019 3814 cum
1041 3748 1202 3815 associatis
1232 3751 1298 3812 suis
1320 3752 1356 3812 in
1377 3752 1428 3812 hac

140 3838 354 3904 communitate
386 3840 581 3903 amicabiliter
604 3840 720 3903 efficere
753 3841 828 3907 nihil
849 3840 990 3919 potuerit,
1013 3839 1155 3900 Lineium
1177 3838 1216 3898 ad
1238 3857 1344 3918 regem
1364 3858 1428 3918 per·

140 3929 266 4004 rexerit,
288 3930 460 4008 ibidemque
491 3936 608 3995 tantum
639 3928 781 4002 effecerit,
804 3929 884 4006 quod
906 3948 962 3988 rex
993 3927 1129 3988 omnibus
1152 3924 1291 3986 exnlibns
1316 3926 1429 3986 salvum

141 4017 326 4077 conductum
348 4015 542 4093 concesserit,
563 4021 597 4073 ut
617 4006 736 4095 Pragae
758 4016 924 4093 ubicunque
944 4002 1155 4093 eisplaouarit,
1169 3997 1353 4074 commorari
1363 4031 1428 4093 pos·

141 4101 214 4162 sint.
238 4103 376 4164 Tandem
398 4102 627 4169 communitates
648 4105 818 4207 Pragenses
839 4102 961 4162 insimul
983 4111 1182 4181 congregatae
1203 4099 1290 4159 illum
1313 4101 1429 4161 salvum

128 4172 319 4250 'conductum
347 4191 492 4270 legentes,
520 4174 732 4270 susceperimt,
754 4199 784 4251 et
812 4189 953 4267 quamdiu
989 4190 1138 4268 quaelibet
1168 4204 1301 4266 persona
1321 4187 1355 4248 in
1377 4187 1429 4247 hoc

140 4279 388 4356 perseveraverit,
424 4279 628 4340 nominantur.
671 4277 809 4338 Tandem
819 4273 997 4354 quomodo
989 4297 1044 4338 rex
1065 4273 1274 4357 Pragensrbus
1285 4275 1427 4357 scriptum

456 4428 460 4435 ,
560 4365 637 4427 illud
658 4364 763 4427 foedus
786 4362 1008 4426 annihilaverit.

184 4506 186 4511 ¹
227 4494 527 4605 (domitaqueinter
546 4516 730 4604 Pragenses
752 4524 785 4582 et
806 4515 919 4584 exules
940 4483 1117 4584 transactio
1138 4536 1204 4582 non
1226 4517 1428 4599 successerit,

141 4626 209 4683 tum
238 4617 389 4686 dominus
420 4619 565 4688 ioannes
587 4618 729 4695 Hlavvsa
756 4626 855 4709 pater
881 4622 1025 4687 omnium
1046 4620 1191 4706 exulum,
1212 4620 1371 4717 Lineium
1391 4619 1428 4689 ad

130 4736 245 4819 regem
276 4721 448 4837 profectas
479 4723 552 4812 ιιιὶι,
580 4722 754 4815 notificans
775 4725 806 4805 ei
828 4722 871 4792 de
892 4725 1044 4805 omnibus
1064 4727 1116 4795 his
1137 4727 1328 4799 actionibus
1348 4723 1427 4818 quod
