2948 5040
1286 150 1348 224 ld!

60 337 232 416 veneramt,
255 331 504 396 notham-vero
528 327 745 416 expeditionis
768 348 863 411 suae,
885 333 1023 414 atquae
1045 326 1268 410 acta-fuerint,
1291 327 1351 394 ho·

57 420 293 520 discurrisse
314 435 549 519 communitati,
571 455 633 498 nee
656 434 791 517 senatui,
823 454 886 498 nec
908 429 987 496 alibi
1016 440 1259 516 recensuerunt,
1290 433 1357 498 imo

53 542 181 630 judico,
205 539 295 628 quod
313 538 372 606 illa
392 547 568 627 perpetuae
590 537 747 605 oblivioni
775 536 915 615 tradent,
940 544 1088 624 excepto,
1111 536 1355 627 quodquidam

56 646 92 712 in
114 643 346 722 eommunitate
369 645 548 733 sparserint
570 665 605 710 se
621 641 788 732 jactando,
819 664 855 708 se
885 643 993 709 omnia
1025 641 1113 707 bona
1148 643 1358 731 expedivisse

61 758 96 819 et
115 770 319 838 procurasse,
342 770 426 836 quae
447 757 556 814 autem
600 757 633 813 et
666 746 827 836 quomodo
858 755 931 814 acta
954 748 1028 830 sint,
1062 740 1283 833 occultantes3
1315 748 1357 815 ah

59 854 133 921 aliis
156 860 266 920 autem
287 853 353 919 lide
376 852 495 941 dignis,
519 855 575 941 qui
597 852 695 918 etiam
716 851 839 918 ibidem
867 850 1050 937 adfuerunt,
1087 852 1197 919 omnia
1228 853 1358 941 prodita

57 959 201 1043 fuerunt,
224 966 260 1024 ut
281 959 465 1025 continetur
486 981 557 1047 cap.
579 958 632 1023 20.
654 956 752 1046 hujus
774 956 859 1024 libri.

147 1063 263 1152 Itaque
285 1086 361 1152 spes
384 1086 471 1131 vana
503 1062 705 1152 quorundam
738 1061 988 1130 obtinendarum
1017 1062 1199 1129 officiorum
1221 1061 1357 1129 clerica·

23 1151 27 1159 ¹
58 1169 152 1236 lium-
167 1178 198 1234 et
221 1168 394 1252 laicalium,
418 1171 506 1234 item.
517 1168 812 1234 remunerationum
841 1168 988 1250 aliarum,
1020 1187 1103 1255 quae
1137 1165 1269 1254 quidam
1300 1189 1354 1234 ex·

58 1282 301 1363 spectaverunt,
323 1275 415 1339 utin
438 1272 521 1341 libro
542 1275 647 1361 primo
669 1281 815 1340 notatum
835 1270 906 1357 luit,
928 1273 963 1337 in
984 1270 1123 1337 nihilum
1135 1269 1267 1337 redacta
1288 1272 1358 1339 fuit.

57 1379 150 1445 Dum
172 1378 282 1464 itaque
304 1377 386 1443 haec
419 1379 532 1447 omnia¹
549 1377 770 1466 Pragensibus
803 1376 982 1447 annihilata
1012 1376 1159 1460 fuissent,
1195 1379 1358 1464 prooessi-

59 1502 160 1550 onem
183 1482 328 1568 corporis
351 1480 473 1548 Christi
496 1482 664 1548 solennem
686 1505 745 1569 per
765 1480 880 1548 urbem
900 1481 1111 1547 instituerunt
1140 1501 1183 1546 ex
1205 1481 1356 1548 omnibus

56 1583 225 1676 parochiis
245 1585 281 1648 in
303 1606 403 1650 unum
426 1587 626 1674 congregati,
656 1593 874 1653 convocantes
896 1584 1024 1672 copiam
1055 1597 1261 1673 armatorum,
1296 1611 1358 1677 per

56 1695 140 1762 vias·
156 1701 190 1759 et
221 1691 348 1780 plateas
369 1690 404 1754 in
425 1712 580 1777 magnum
591 1691 772 1757 incolarum
784 1689 939 1755 damnum
962 1698 994 1755 et
1014 1691 1261 1780 praejudicium,
1285 1716 1358 1765 aum

57 1798 148 1865 tubis
163 1805 197 1862 et
218 1796 394 1884 tympanis,
421 1818 495 1865 cum
517 1795 605 1861 omni
617 1792 761 1860 clericali
784 1803 816 1860 et
831 1792 939 1859 laicali
956 1804 1124 1883 apparatu,
1147 1806 1239 1865 arma
1259 1799 1362 1866 multa

58 1904 189 1992 majora
203 1910 235 1967 et
256 1902 383 1966 minora
394 1922 468 1966 cum
483 1901 652 1966 tormentis
668 1897 756 1987 apud
778 1900 901 1964 curiam
918 1909 1136 1988 exponentes,
1159 1902 1362 1970 haecomnia

58 2006 242 2075 secundum
264 2005 397 2071 illorum
416 2006 578 2070 intentum
601 2004 643 2070 ad
666 2003 796 2069 laudem
819 2013 852 2070 at
874 2003 1010 2090 gloriam
1030 2004 1095 2070 Dei
1117 2016 1268 2094 agentes,
1292 2010 1361 2096 qui-

56 2114 231 2181 demeum
264 2108 397 2176 vexillis
430 2109 573 2175 tribuum
603 2110 846 2198 processionem
875 2117 1134 2195 praecesserunt,
1168 2111 1225 2176 alii
1259 2115 1363 2179 secuti

59 2224 149 2283 sunt
190 2215 261 2283 Imo
278 2214 404 2303 judico,
437 2213 561 2279 nullum
583 2236 727 2302 unquam
749 2212 790 2279 de
813 2212 969 2279 Bohetnis
1001 2223 1077 2279 ante
1099 2214 1162 2280 hoa
1183 2215 1283 2282 talem
1304 2218 1360 2283 tri-

62 2320 229 2408 umphum,
252 2329 285 2384 ct
306 2319 349 2384 ed
371 2317 501 2384 laudem
522 2318 588 2383 Dei
610 2326 811 2406 paparatum,
845 2319 1038 2405 praesertim
1071 2321 1106 2385 in
1127 2318 1287 2386 Bohemla
1315 2322 1362 2386 vi·

65 2424 162 2507 disse,
192 2423 257 2490 nisi
280 2433 424 2510 tempore
453 2423 591 2488 Joannis
623 2407 735 2507 Ziata,
767 2422 845 2488 dum
878 2445 951 2488 cum
980 2423 1145 2490 Taboritis
1174 2426 1208 2491 in
1240 2425 1363 2514 campis

55 2531 227 2617 jacuisset,
259 2537 291 2594 et
313 2528 390 2594 dum
415 2527 601 2594 sacerdotes
625 2550 698 2594 eum
721 2537 924 2595 sacramento
959 2529 1104 2616 eorporis
1127 2528 1249 2595 Christi
1279 2531 1364 2596 inter

57 2633 135 2702 illos
168 2633 453 2723 processionaliter
485 2635 675 2717 exivissent,
710 2633 803 2718 quasi
835 2632 909 2699 illos
951 2633 994 2698 ad
1026 2632 1216 2700 bellandum
1251 2643 1365 2701 contra

56 2740 210 2806 inimicos
232 2738 423 2817 incitassent
443 2759 502 2825 pro
525 2736 648 2803 honore
671 2745 704 2803 et
726 2736 823 2803 laude
845 2737 920 2803 Dei.
958 2737 1045 2824 Opto
1067 2736 1154 2802 bona
1175 2756 1236 2824 pro
1257 2740 1363 2816 vobis,

57 2845 152 2911 chari
173 2844 374 2930 Pragsnsesl
399 2841 440 2906 de
476 2841 532 2906 tali
569 2843 815 2926 christianitate,
853 2841 930 2907 dum
960 2840 1128 2928 judicatis,
1162 2843 1249 2929 quod
1272 2844 1365 2910 Deus

57 2948 211 3015 aestimet
232 2957 267 3013 et
285 2947 435 3013 advertat
465 2946 543 3012 talia
563 2955 673 3013 vestra
693 2968 793 3020 arma,
824 2955 985 3011 tormenta
1020 2954 1053 3010 et
1074 2947 1156 3012 alios
1177 2957 1363 3035 apparatus,

57 3054 95 3119 in
117 3052 272 3119 cordibus
285 3060 393 3117 autem
408 3053 526 3118 vestris
548 3047 623 3139 plus
637 3052 782 3117 malitiae
804 3059 836 3116 at
848 3072 1024 3138 perversae
1038 3045 1227 3116 intentionis
1251 3061 1364 3119 contra

57 3158 228 3247 proximos
247 3167 380 3224 vestros·
396 3156 525 3240 fovetis,
549 3178 644 3244 quam
661 3178 764 3242 grana
777 3177 897 3220 arenae
918 3156 953 3218 in
975 3156 1058 3218 mari
1080 3157 1239 3240 existant3
1261 3157 1364 3223 haec-

58 3284 103 3328 ne
123 3262 284 3347 voluistis,
305 3269 344 3327 ut
364 3261 455 3349 Papa
476 3269 619 3327 vestram
638 3260 882 3348 protervitatem
906 3266 938 3324 et
959 3280 1078 3324 vanam
1099 3261 1266 3327 stultitiam
1289 3285 1364 3328 oon-

60 3352 198 3433 firmet?
221 3366 404 3433 Laetamini
427 3389 469 3433 ex
491 3367 563 3450 hoc,
586 3366 817 3454 quodnomina
839 3372 949 3432 vestra
970 3366 1093 3432 Romae
1107 3368 1266 3457 inscripta
1288 3373 1363 3435 sint.

61 3470 126 3537 Illa
148 3480 255 3537 autem
279 3470 319 3538 de
342 3473 394 3543 his
409 3480 533 3538 tantum
546 3471 706 3555 dicuntur,
730 3472 786 3558 qui
809 3470 891 3536 tales
903 3491 1020 3537 revera
1041 3479 1137 3549 sunt3
1162 3471 1254 3537 Deus
1277 3475 1365 3540 enim

66 3577 167 3642 etiam
188 3576 274 3640 inter
306 3575 379 3642 illos
412 3598 487 3642 suos
521 3576 642 3642 electos
664 3575 773 3642 habet.
819 3576 861 3640 Et
884 3597 941 3641 cur
962 3597 1021 3641 vos
1056 3574 1198 3642 ludibrio
1226 3600 1365 3665 quorun·

57 3681 135 3749 dam
156 3683 291 3746 aliorum
323 3681 541 3747 Bohemorum
564 3682 728 3769 exponitis
763 3689 796 3745 et
816 3703 870 3745 res
892 3703 994 3747 vanas
1017 3682 1182 3766 quaeritis,
1213 3705 1253 3748 aa
1275 3706 1361 3749 oom-

59 3781 164 3875 pedes
189 3786 268 3852 tales
292 3785 486 3851 assumitis?
508 3807 589 3873 quos
605 3785 731 3850 alienae
753 3793 867 3870 gentes
890 3785 1168 3872 circumjacentes,
1191 3785 1363 3855 laudantes

59 3890 171 3959 Deum
194 3914 237 3957 ex
259 3913 294 3956 se
316 3890 484 3979 dejiciunt,
507 3892 647 3957 scientes
671 3899 703 3955 et
730 3899 956 3975 agnoscentes,
981 3890 1068 3977 quod
1087 3905 1279 3979 comportata
1301 3918 1364 3959 noa

59 3999 123 4063 siat
138 4020 204 4084 pro
225 3997 445 4079 smol-amento,
481 3996 539 4061 sed
560 4018 679 4082 magno
706 3995 901 4061 detrimento
925 4004 955 4060 et
978 3995 1205 4062 imminutione
1232 3996 1364 4065 honoris

63 4109 97 4166 et
120 4099 227 4166 laudis
249 4098 326 4184 Dei,
349 4122 389 4165 ac
411 4108 584 4186 augmento
609 4098 825 4165 dissidiorum.
864 4098 1077 4184 Interrogate,
1100 4102 1134 4166 in
1157 4103 1246 4190 quali
1267 4106 1363 4171 aesti-

60 4205 204 4270 matione
226 4204 313 4292 apud
337 4204 448 4270 sedem
471 4204 649 4271 Romanam
684 4204 814 4285 inerint,
845 4225 866 4266 a
888 4225 952 4290 qua
981 4202 1069 4271 edita
1090 4206 1230 4289 fuerunt,
1263 4211 1365 4275 nomi-

60 4309 164 4375 natim
185 4330 265 4375 vero
287 4308 577 4398 abAeneaSylvio
599 4318 742 4398 protunc
763 4311 926 4399 pontifice,
950 4311 1027 4378 dum
1049 4311 1092 4377 ad
1114 4311 1206 4378 illum
1229 4312 1365 4389 Romam

59 4411 202 4480 Bohemi
225 4435 284 4501 pro
307 4415 553 4481 confirmatione
578 4414 754 4482 eorundem
779 4420 1036 4504 tempore'regis
1059 4417 1194 4503 Georgii
1225 4417 1365 4485 advene-

61 4526 149 4596 runt,
181 4538 300 4605 nempe
321 4516 472 4584 dominus
493 4518 672 4607 Procopius
703 4519 744 4584 de
766 4519 934 4604 Rabstein,
959 4542 1128 4609 supremus
1153 4522 1366 4590 cancellarius

61 4624 157 4710 regni
178 4620 365 4707 Bohemiae,
389 4622 538 4689 dominus
560 4623 708 4703 Zdenko‚
741 4625 897 4711 magister
918 4625 1133 4692 Wenceslaus
1155 4627 1312 4694 Koranda
1333 4637 1367 4694 et

62 4725 131 4813 alii,
153 4725 200 4797 ita
219 4728 308 4817 quod
328 4727 413 4798 nihil
436 4728 613 4816 effecerint,
645 4731 730 4798 sicut
750 4752 820 4816 vos,
845 4737 877 4796 ct
898 4753 935 4798 re
957 4730 1051 4798 inani
1080 4739 1223 4820 peracta
1244 4735 1387 4798 reuersi.
