2948 5040
1283 166 1353 246 m.

55 343 101 410 ah
123 342 318 449 indignitate
339 351 371 407 et
401 343 627 432 ineptitudine.
673 345 1055 416 Coram'DominoDeo
1090 347 1273 415 nullatenus
1295 371 1349 414 me

57 468 191 533 excuso,
224 442 351 517 confido
373 455 480 514 tamen
502 450 536 514 in
559 451 695 536 gratiam
718 451 863 541 ejusdem
886 461 1041 537 sanctam,
1069 452 1156 541 quod
1177 452 1233 519 ille
1255 474 1350 520 oona·

58 550 110 618 tus
132 573 223 618 meus
239 574 282 618 ex
302 550 469 619 voluntate
484 552 552 620 Sua
566 553 680 638 editus,
704 557 853 643 quamvis
866 556 1078 642 insufficiens,
1101 578 1167 624 non
1190 558 1352 623 sittamen

56 656 194 740 inutilis,
227 677 290 727 noc
310 655 511 724 frustraneus
533 660 568 725 in
600 656 684 725 facie
706 659 782 739 Dei,
815 671 911 749 prout
933 663 1064 728 omnino
1097 660 1180 726 haee
1201 660 1354 727 diuturna

59 760 275 828 incarceratio
311 760 354 826 ob
376 757 598 827 defensionem
629 764 808 852 scripturae
843 786 978 852 saorae;
1012 764 1109 832 oredo
1132 764 1229 849 enim,
1265 762 1353 852 quod

56 866 219 934 Dominus
241 866 333 932 Deus
354 865 474 932 multos
505 864 668 956 adjuverit
699 879 732 934 et
753 869 909 956 eripuerit
929 868 972 935 de
990 877 1152 958 potestate
1174 877 1207 934 et
1238 867 1352 933 seduc-

56 973 147 1039 tione
168 971 271 1038 multa
290 969 485 1036 Antichristi
511 980 546 1037 et
566 971 760 1039 falsitatibus
783 976 854 1061 ejus
886 972 1118 1060 idololatricis3
1155 972 1233 1039 hino
1255 973 1379 1037 etiam·

57 1075 152 1145 Deus
162 1075 243 1141 mihi
260 1074 400 1161 largitus
415 1084 465 1140 est
484 1076 635 1143 notitiam
648 1078 794 1173 veritatis
809 1098 888 1145 suae
901 1098 961 1167 per
977 1076 1151 1146 lectionem
1173 1078 1353 1165 scripturae

58 1182 288 1268 magistrorum
317 1178 472 1262 fidelium,
509 1189 545 1247 ut
573 1204 749 1270 agnoscam
778 1183 1024 1250 fundamentum
1053 1192 1178 1252 rectum
1207 1181 1354 1248 veritatis

59 1285 184 1353 Christi
205 1284 353 1351 Domini.

145 1389 229 1456 Item
252 1389 368 1455 scribis
390 1389 488 1454 stiam
520 1389 601 1456 mihi
633 1410 673 1456 ac
694 1392 868 1479 praecipis,
901 1389 1003 1456 atad
1036 1409 1181 1478 eremum
1211 1386 1354 1471 redeam

56 1495 171 1584 ibique
192 1496 428 1584 poenitentiam
449 1515 546 1580 agam
569 1516 629 1582 pro
651 1495 815 1562 erroribus
838 1505 870 1561 et
890 1493 1086 1562 falsitatibus
1102 1493 1294 1575 commissis,
1315 1512 1356 1557 ac

58 1622 118 1688 pro
140 1599 206 1666 illis
228 1601 422 1680 homiuibus,
456 1624 537 1691 quos
560 1624 604 1668 ex
624 1601 743 1668 Vestra
771 1598 859 1666 'falsa
880 1600 1033 1688 opinione
1066 1598 1195 1681 sedani,¹
1227 1604 1264 1663 ut
1283 1596 1350 1661 mei

57 1705 152 1771 Deus
173 1707 365 1773 misereatur
386 1715 420 1773 et
443 1706 530 1773 hune
550 1705 707 1794 populum
729 1704 836 1772 denuo
857 1703 901 1770 ad
916 1726 1028 1772 veram
1049 1703 1148 1770 fidem
1170 1700 1351 1790 perducere

57 1813 193 1902 possim.
239 1811 293 1877 Ad
315 1811 397 1878 haec
419 1811 599 1878 auxiliante
619 1810 692 1876 Deo
715 1810 763 1876 sic
795 1808 994 1897 respoudeo;
1022 1807 1115 1896 quod
1139 1826 1258 1894 nempe
1279 1804 1354 1870 ideo
1416 1856 1422 1883 ,

57 1916 139 1982 mihi
161 1937 243 2005 opus
270 1915 411 1999 nonsit,
443 1923 480 1981 ut
501 1914 543 1981 ad
575 1935 719 1981 eremum
748 1914 881 1981 redeam
909 1920 942 1978 et
970 1911 1093 1978 ibidem
1121 1910 1355 1998 poenitentiam

56 2042 154 2108 agam
177 2019 219 2086 de
249 2019 414 2086 erroribus
436 2028 469 2086 et
502 2019 696 2086 falsitatibus
719 2041 758 2085 ao
780 2019 916 2085 aliorum
939 2014 1183 2083 seductionibus
1205 2015 1355 2082 commis·

57 2127 122 2211 sis;
144 2146 221 2191 nam
247 2124 334 2212 quod
354 2124 436 2190 mihi
451 2124 544 2190 Deus
566 2126 771 2212 omnipotens
787 2146 830 2190 ex
851 2144 960 2189 amore
982 2130 1016 2188 st
1036 2120 1141 2208 gratia
1163 2141 1222 2185 sua
1243 2117 1354 2205 largiri

58 2228 211 2316 dignatus
238 2229 345 2314 fuerit,
376 2227 577 2316 agnoscendi
597 2230 633 2295 in
655 2250 764 2295 eremo
795 2236 828 2293 et
848 2226 928 2294 alibi
957 2227 1128 2294 veritatem
1149 2245 1241 2290 suam
1263 2243 1355 2288 sane·

60 2341 138 2416 tam,
162 2333 361 2422 'praesertim
392 2341 505 2399 contra
528 2331 733 2399 seductiones
768 2330 919 2419 grandes,
953 2328 1148 2396 Antichristi
1187 2326 1355 2406 falsitates,

62 2434 212 2502 haermss
234 2446 267 2503 et
287 2436 499 2521 idololatrias,
531 2436 573 2502 de
593 2437 646 2504 his
669 2434 829 2519 omnibus,
867 2443 899 2500 et
919 2456 978 2521 pro
1008 2434 1113 2522 gratia
1146 2432 1208 2498 hac
1230 2440 1356 2496 summa

60 2540 237 2609 Dominum
259 2542 368 2608 Deum
390 2541 486 2609 laudo
509 2540 566 2608 diu
587 2549 748 2630 noctuque
778 2548 811 2605 et
844 2538 984 2626 gratias
1000 2559 1062 2626 ago
1092 2559 1132 2603 ac
1160 2533 1301 2603 laudabo
1324 2541 1357 2599 et

58 2647 182 2733 gratias
203 2667 300 2734 agam
328 2645 517 2713 insaecula
551 2646 754 2712 saeculorum
783 2642 930 2733 ejusdem
964 2644 1089 2731 gratiae
1121 2649 1267 2724 sanctae,
1295 2659 1355 2726 pro

57 2759 126 2816 tam
149 2770 270 2838 magno
294 2749 451 2818 beneficio
483 2772 541 2817 suo
563 2750 644 2816 mihi
677 2749 803 2816 collato.
847 2746 952 2814 Vobis
972 2769 1051 2815 vero
1075 2754 1108 2813 et
1129 2744 1281 2821 omnibus
1303 2762 1356 2808 sa·

57 2854 247 2922 cerdotihus
268 2876 373 2944 papae
405 2854 482 2922 filiis
511 2853 731 2921 necessarium
758 2851 857 2919 valde
879 2860 938 2935 est,
970 2859 1003 2917 at
1033 2848 1153 2917 suadeo
1175 2847 1288 2932 Vobis,
1320 2853 1357 2912 ut

57 2959 126 3026 Vos
149 2960 193 3027 ad
215 2974 358 3029 eremum
379 2959 555 3048 recipiatis,
588 2958 776 3025 deserentes
806 2955 941 3045 papales
964 2963 997 3020 et
1017 2951 1210 3021 Antichristi
1238 2949 1355 3018 consti·

57 3064 212 3149 tutiones',
236 3072 268 3132 et
290 3064 374 3130 falsa
394 3084 435 3130 ac
455 3083 593 3129 erronea
614 3061 776 3149 dogmata,
798 3060 910 3148 ibique
931 3059 1164 3148 poenitentiam
1185 3057 1292 3143 agatis
1313 3053 1356 3121 de

57 3168 121 3252 his,
152 3168 240 3259 quod
272 3168 428 3258 populum
471 3166 666 3233 seduxeritis
699 3175 732 3230 et
769 3166 896 3232 animas
925 3185 1036 3231 eorum
1064 3162 1261 3245 occideritis,
1300 3160 1357 3248 qui
1443 3160 1448 3169 '

57 3274 158 3340 etiam
178 3273 310 3361 ipsimm
331 3271 456 3340 seducti
477 3273 565 3356 estis,
600 3278 633 3339 et
653 3271 776 3341 detenti
804 3270 840 3335 in
863 3268 1065 3358 Babylonica
1087 3267 1235 3334 Romana
1256 3265 1356 3353 capti·

56 3379 162 3445 vitate
182 3399 242 3466 per
263 3376 456 3443 Antichristi
477 3376 565 3462 regis
597 3374 796 3463 impudicam
824 3375 952 3458 faciem,
982 3372 1024 3439 de
1045 3394 1110 3461 quo
1131 3369 1253 3437 Daniel
1271 3390 1357 3458 pro·
1409 3396 1411 3401 ·

57 3481 158 3570 pheta
179 3480 302 3549 scribit
348 3480 506 3562 Quamvis
528 3481 616 3546 anim
626 3479 694 3546 Vos
711 3480 854 3569 jactetis,
876 3477 944 3545 V‘os
966 3499 1039 3544 csse
1059 3477 1145 3544 bene
1166 3475 1356 3543 constitutos

60 3586 253 3653 stallorum
285 3586 463 3653 directores
493 3606 533 3651 ao
566 3584 716 3651 ductores
748 3607 831 3667 esse,
864 3581 980 3649 sedin
1001 3583 1139 3649 veritate
1167 3578 1356 3647 testamenti

58 3700 92 3758 at
113 3690 197 3778 legis
220 3691 341 3758 Christi
363 3690 488 3758 nullum
510 3688 686 3778 possidetis
706 3688 963 3771 drudamentum,
985 3708 1048 3753 nec
1070 3707 1186 3753 sanum
1207 3681 1353 3751 intellec·

57 3805 129 3861 tum
150 3816 189 3861 ac
211 3817 325 3862 verum
348 3817 489 3878 sensum,
520 3793 580 3860 sed
601 3796 710 3861 omnia
738 3792 772 3860 in
794 3792 991 3859 contrarium
1021 3800 1054 3858 et
1085 3789 1220 3856 confuse
1245 3787 1355 3874 agitis,

59 3908 94 3966 et
114 3899 218 3967 ferme
240 3900 334 3986 quasi
355 3902 391 3965 in
412 3909 484 3966 rota
506 3897 734 3983 obambulatis,
755 3900 791 3964 in
805 3897 906 3963 meris
921 3904 1046 3963 tantmn
1072 3890 1355 3961 constitutionibus

57 4013 92 4071 et
112 4004 205 4071 falsis
226 4026 266 4072 ac
286 4006 394 4072 noxiis
417 4002 610 4070 Antichristi
642 4003 895 4085 inventionibus,
927 4009 1039 4069 eontra
1061 3997 1227 4066 Christum
1247 4003 1281 4063 et
1299 4015 1355 4063 ve·

57 4109 189 4176 ritatem
211 4109 295 4197 legis
318 4108 439 4176 Christi
461 4108 605 4175 Domini.

609 4315 755 4384 CAPUT
776 4317 807 4382 6.

373 4493 567 4557 Continuatio
589 4495 744 4557 literarum
766 4493 868 4555 fratris
891 4493 1032 4555 Mathias.

148 4647 296 4716 Tandem
318 4649 353 4713 in
374 4647 426 4715 his
449 4646 551 4714 literis
565 4647 701 4715 ulterius
723 4647 862 4732 quaeris,
885 4668 928 4712 an
950 4645 1092 4728 credam,
1113 4642 1201 4731 quod
1215 4640 1352 4710 verbum

56 4758 263 4826 incarnatum
281 4753 382 4823 fuerit
404 4749 492 4822 eto?
521 4750 599 4819 Hic
620 4750 701 4820 mihi
722 4752 839 4820 mirum
861 4749 1008 4820 colorem
1023 4750 1104 4819 fuco
1120 4747 1275 4813 uim
1286 4766 1369 4827 pux-
