2948 5040
126 145 193 215 200

123 294 200 384 ante
222 316 300 385 solis
323 337 476 383 occasum
499 318 540 385 de
562 318 644 385 urbe
665 319 824 406 Pragensi
846 324 955 385 exeat:
990 316 1052 384 luit
1073 319 1173 405 igitir
1187 319 1253 387 -ille
1279 320 1345 389 hoc
1355 344 1422 390 car-

119 442 194 488 cere
220 428 374 508 gravatus
396 422 575 489 semitertio
597 443 684 489 anno
707 423 851 512 quinque
873 420 1064 509 septimanis
1086 428 1120 488 et
1133 431 1274 511 quatuor
1297 423 1423 511 diebus,

119 526 161 611 de
184 526 277 613 cujus
300 547 408 609 causa,
430 535 487 591 aut
509 548 575 592 non
598 549 697 593 causa
719 526 897 615 promeriti,
933 532 966 590 et
987 523 1093 611 qualis
1114 527 1203 593 vitae
1225 537 1259 594 et
1282 529 1423 597 actionis

118 630 225 711 luerit,
249 629 450 696 sufficienter
473 630 514 696 de
536 631 593 697 illo
618 637 802 699 enarratum
823 628 886 695 fuit
906 631 942 696 in
964 629 1108 699 secundo
1126 629 1222 716 libro,
1246 642 1281 700 et
1294 635 1425 722 quando

120 757 164 801 cx
186 733 373 801 carceribus
395 734 549 801 dimissus
571 735 641 817 fuit,
676 744 744 802 tum
767 734 899 824 quidam
921 734 1143 823 Hieronymus
1167 738 1326 817 sacerdos
1350 749 1424 809 tunc

120 838 274 927 temporis
295 839 458 926 parochus
480 839 522 907 ad
545 839 578 906 S.
602 839 734 906 Gallum
754 840 882 925 Pragae
917 838 1028 905 literas
1058 837 1165 905 eidem
1187 842 1324 930 scripsit
1339 845 1421 911 circa

121 946 208 1013 diem
230 943 386 1011 Omnium
411 945 606 1011 Sanctorum
629 934 775 1033 ejusdem
798 945 876 1011 anni
901 943 996 1027 1526,
1019 942 1179 1010 exhibens
1201 946 1313 1014 eidem
1342 950 1424 1041 viam

120 1049 283 1139 quandam
304 1049 415 1133 latam,
450 1060 482 1115 et
510 1050 658 1115 homines
680 1049 800 1116 multos
822 1047 866 1115 ad
899 1069 1014 1114 verum
1047 1047 1241 1135 (secundum
1277 1053 1424 1140 ejusdem

122 1153 267 1243 sensum)
299 1154 454 1220 honorem
479 1153 544 1218 Dei
571 1153 753 1237 ducentem,
787 1175 903 1219 verum
924 1161 1059 1241 propter
1081 1153 1224 1221 latrones
1248 1157 1351 1225 valde
1373 1183 1423 1248 pe-

119 1260 304 1342 riculosam,
338 1269 374 1323 ut
396 1243 469 1324 euin
491 1281 511 1323 a
532 1258 611 1325 uera
634 1260 750 1325 semita
772 1266 862 1323 certa
884 1265 916 1323 et
938 1279 1065 1343 secura,
1098 1280 1163 1346 qua
1188 1263 1286 1347 pauci
1308 1262 1356 1329 ad
1377 1287 1424 1331 so·

120 1366 270 1433 latiosam
292 1365 434 1451 quietem
466 1365 562 1450 regni
584 1362 733 1429 coelestis
766 1360 1008 1449 gradiebantur,
1045 1371 1207 1429 averteret
1237 1365 1291 1431 his
1313 1368 1423 1437 verbis

119 1469 205 1537 iufra
226 1469 352 1557 positis.

675 1653 822 1723 CAPUT
843 1659 874 1725 2.

121 1840 158 1898 In
181 1858 240 1916 quo
262 1837 434 1896 insinuatur
456 1835 494 1893 de
517 1835 647 1911 quodam
669 1838 825 1897 sacerdote
845 1837 1029 1918 Hieronymo
1058 1841 1189 1918 parocho
1212 1841 1250 1899 ad
1274 1836 1306 1899 S.
1345 1838 1420 1901 Gal·

213 1927 286 2000 lum,
309 1924 361 2003 qui
382 1924 485 1982 literas
508 1923 629 2001 scripsit
651 1922 737 1982 lratri
761 1925 908 2002 Mathiae,
935 1946 974 1987 ex
996 1927 1168 1988 carceribus
1191 1927 1333 1987 dimisso.

210 2094 324 2162 Gratia
334 2089 470 2157 Domini
491 2091 594 2154 nostri
616 2089 697 2157 Jesu
720 2091 844 2159 Christi
866 2095 909 2161 sit
932 2102 1040 2162 tecum
1062 2103 1096 2162 et
1117 2097 1260 2163 charitas
1283 2096 1367 2181 Dei,
1396 2104 1425 2163 et

122 2198 243 2266 donum
266 2196 407 2286 Spiritus
431 2193 542 2260 Sancti
565 2194 676 2262 visitet
697 2205 738 2281 te,
762 2197 879 2264 Amen.
941 2268 945 2275 ,

204 2302 251 2368 Mi
286 2323 360 2367 care
394 2298 494 2365 frater
516 2299 550 2362 in
584 2298 714 2367 Christo
747 2303 898 2369 Mathias.
936 2303 1075 2391 Saepius
1091 2306 1163 2393 jam
1196 2304 1312 2371 literas
1337 2326 1421 2375 meas

125 2406 168 2473 ad
190 2416 222 2472 te
245 2406 449 2484 direxissem,
484 2414 517 2471 et
538 2406 598 2472 tibi
621 2406 798 2473 collocutus
820 2408 973 2495 fuissem3
1011 2431 1180 2476 accessum
1212 2431 1294 2478 vero
1330 2411 1425 2477 talem

121 2511 269 2599 quamvis
293 2510 423 2597 saepius
446 2511 673 2598 quaesiverim,
696 2534 761 2576 non
771 2512 893 2597 inveni,
906 2535 995 2578 nunc
1009 2535 1089 2580 vero
1105 2523 1263 2602 quantum
1279 2516 1421 2603 spatium

122 2617 277 2704 temporis
300 2613 452 2698 admittit,
476 2615 560 2681 haec
582 2615 721 2682 notifico.
757 2616 882 2684 Dolens
906 2615 1063 2684 condoleo
1086 2617 1183 2685 valde
1206 2628 1263 2685 tuo
1285 2620 1424 2698 infortu-

120 2724 185 2801 nio,
218 2719 286 2788 non
308 2722 412 2788 solum
442 2725 478 2789 in
501 2746 600 2789 causa
621 2725 708 2790 vitae
731 2733 805 2789 tuae
827 2722 1031 2810 temporalis,
1065 2745 1180 2789 verum
1202 2722 1256 2789 vel
1279 2727 1426 2793 maxime

119 2839 253 2919 propter
274 2829 406 2896 divitias
425 2830 559 2895 animae
579 2839 664 2914 tuae,
698 2826 884 2894 revocando
919 2826 1001 2892 mihi
1022 2826 1056 2891 in
1078 2827 1268 2894 memoriam
1292 2829 1426 2896 divitias

121 2936 209 3022 regis
232 2934 405 3017 Czechiae,
428 2931 506 2998 dum
543 2936 681 3021 turpiter
715 2933 824 2998 amisit
852 2930 940 2998 bona
963 2939 996 2996 et
1016 2930 1149 2997 divitias
1171 2931 1256 3016 illas,
1293 2934 1425 3021 quando

120 3039 297 3127 Babylonii
320 3047 427 3104 astuta
449 3041 565 3127 rapina
586 3039 704 3104 iisdem
726 3036 818 3103 illum
830 3037 1053 3125 privaverunt,
1077 3044 1146 3102 tum
1162 3059 1308 3124 agnosco
1323 3038 1424 3106 chare

120 3146 222 3210 frater
244 3144 384 3210 Mathias
407 3143 552 3227 divitias,
586 3167 667 3233 quas
688 3142 875 3231 possedisti,
910 3143 944 3207 in
967 3162 1075 3217 eremo
1097 3165 1158 3231 per
1179 3142 1361 3229 diligentes
1382 3146 1426 3211 la·

121 3249 227 3332 bores,
263 3249 450 3337 frequentes
474 3250 645 3330 orationes,
684 3247 840 3313 lectiones
874 3254 907 3311 et
929 3246 1159 3312 meditationes
1192 3248 1227 3312 in
1249 3247 1327 3335 lege
1351 3249 1426 3334 Dei,

122 3354 307 3443 frequentes
340 3355 582 3420 communiones
616 3354 760 3441 corporis
784 3360 816 3416 et
838 3353 1006 3439 sanguinis
1043 3350 1166 3417 domini
1199 3354 1306 3418 nostri
1345 3354 1426 3421 Jesu

123 3459 258 3539 Christi,
282 3457 368 3546 quod
390 3480 509 3547 nempe
530 3481 550 3523 a
572 3467 605 3524 te
628 3458 686 3523 has
707 3458 839 3524 divitias
850 3459 976 3524 inimici
991 3459 1194 3543 abstulerint,
1217 3461 1425 3529 immittendo

121 3565 156 3627 in
179 3571 347 3628 cortuum
370 3561 652 3649 complacentiam,
686 3562 773 3651 quod
802 3562 895 3630 dives
928 3565 973 3628 sis
1009 3564 1044 3629 iu
1067 3563 1216 3631 doctrina
1249 3574 1283 3631 et
1305 3567 1424 3633 intelli·

122 3667 233 3753 gentia
252 3665 337 3753 legis
360 3664 502 3743 divinae,
537 3667 625 3731 etin
648 3666 699 3731 his
721 3669 947 3755 praeemineas
983 3676 1015 3733 et
1037 3691 1171 3757 superes
1194 3691 1308 3736 omnes
1352 3670 1424 3737 doc·

42 3784 47 3799 '
122 3780 220 3854 tores,
243 3771 439 3837 Pickhartas
452 3779 483 3835 et
505 3793 633 3836 omnem
649 3769 794 3839 clerum(
815 3773 907 3839 Haec
929 3772 1061 3861 quidem
1083 3775 1160 3840 inde
1183 3774 1321 3860 colligo;
1349 3798 1422 3841 nam

120 3873 201 3939 alias
234 3876 342 3943 fueras
373 3876 528 3964 frequens
563 3876 681 3965 hospes
715 3899 847 3943 mensae
869 3878 951 3962 Dei;
989 3880 1055 3943 imo
1077 3878 1111 3942 in
1134 3878 1247 3960 literis,
1284 3899 1369 3965 quas
1391 3882 1425 3945 in

121 4087 257 4153 Domini
268 4091 429 4155 intentum
452 4097 541 4154 tuum
565 4091 616 4173 sit,
641 4113 684 4156 ex
706 4114 771 4177 qua
793 4091 981 4178 frequentes
1002 4091 1127 4156 fructus
1150 4086 1307 4174 colligere
1332 4088 1425 4155 desi·

122 4190 226 4257 deras.
262 4193 370 4259 Aliter
403 4215 478 4259 care
501 4194 602 4260 frater
622 4194 764 4261 Mathias
787 4204 819 4261 te
843 4196 988 4262 extulisti
1008 4196 1043 4260 in
1060 4192 1215 4260 exhibitis
1232 4193 1425 4259 uectatibns

121 4304 269 4361 veterum
292 4298 528 4363 haereticorum
550 4295 810 4382 Taboriensium,
845 4301 878 4364 in
914 4300 1031 4388 quibus
1054 4298 1156 4364 multa
1178 4297 1325 4362 convitia
1350 4320 1424 4364 con-

125 4402 248 4489 scripta
270 4412 354 4486 sunt,
385 4425 520 4490 quorum
544 4426 643 4469 unum
666 4405 744 4470 mihi
768 4406 987 4472 transmisisti.
1019 4403 1138 4470 Multas
1161 4402 1303 4471 infames
1324 4406 1424 4472 auda·

124 4507 193 4571 cias
216 4506 271 4573 hic
292 4516 448 4573 tractatus
471 4511 506 4574 in
529 4531 563 4573 se
586 4511 740 4593 continet,
767 4512 961 4598 praesertim
982 4511 1049 4588 ille,
1087 4508 1144 4575 ubi
1165 4507 1258 4573 cibus
1282 4509 1421 4576 Domini

123 4619 157 4675 et
177 4619 272 4698 potus
294 4613 329 4678 in
351 4612 516 4681 levitatem
540 4614 702 4702 quandam
731 4617 867 4682 vertitur
889 4616 940 4683 his
967 4614 1094 4684 verbis:
1129 4614 1272 4680 essentia
1285 4616 1425 4703 naturali

125 4719 157 4778 et
178 4736 330 4804 suprema
355 4740 480 4810 ¹corpus
503 4717 626 4789 Christi
646 4720 683 4788 in
704 4719 804 4789 coelis
826 4728 893 4808 est;
927 4719 1082 4806 secundo,¹
1115 4718 1340 4808 spiritualiter,
1376 4743 1424 4791 es·
