2948 5040
582 278 584 283 ’
605 294 752 371 carus
773 296 827 369 aa

110 480 180 557 Ubi,
197 497 374 560 responsum
395 478 645 539 incarceratorum
667 496 757 569 super
786 477 926 539 articulos
948 496 1002 556 per
1024 475 1157 538 ordinem
1179 475 1314 537 retertur.

148 605 326 694 Postquam
354 606 546 672 incarcerati
578 603 666 673 bunc
687 626 868 673 sermonem
900 606 1092 690 finivissent,
1126 602 1382 693 responderunt,

61 708 107 775 ad
127 710 324 787 articulosa
344 709 565 796 Pragsnsibus
597 711 798 799 propositos,
814 713 861 787 ita
882 712 1079 777 unanimiter
1099 708 1262 775 dieentes:
1347 708 1354 721 ⁸

149 815 279 900 Primo3
302 815 439 882 Vestrae
459 814 634 893 Serenitati
654 816 867 907 notificamus,
901 817 988 905 quod
1010 815 1097 882 Suae
1118 814 1242 900 Regiae
1262 814 1364 902 Majo-

61 921 157 986 statis
178 919 435 1005 literasattinet,
457 922 493 986 in
516 922 633 1010 quibus
654 924 829 1010 praecipue
861 921 1029 1008 dignatur,
1063 927 1099 984 ut
1128 917 1278 984 homines
1315 939 1363 983 er-

61 1025 194 1092 roribus
216 1025 351 1093 obnoxii
373 1035 405 1092 et
426 1027 606 1094 Lutherani
627 1050 693 1094 non
715 1027 919 1113 tollerentur3
942 1025 1087 1091 adhaec
1118 1019 1364 1117 respondemus,

61 1131 153 1219 quod
185 1138 297 1197 contra
319 1131 597 1199 hoo'mandatum
619 1141 650 1198 et
688 1132 798 1205 literas
822 1131 908 1199 Suae
928 1129 1110 1217 Majostatis
1132 1149 1194 1192 nee
1229 1127 1363 1191 minimo

59 1234 166 1301 verbo
189 1236 359 1322 egerimus,
382 1244 438 1302 aut
459 1259 651 1326 quocunque
671 1237 768 1303 modo
790 1235 953 1318 adversati
985 1233 1159 1317 fuerimus,
1190 1233 1255 1296 imo
1289 1253 1362 1297 nos·

60 1350 150 1406 trum
183 1343 411 1411 sentimentum
442 1342 673 1427 addiderimus,
695 1352 731 1409 ut
752 1344 839 1409 omni
862 1342 1032 1429 diligentia
1053 1342 1088 1406 in
1109 1337 1191 1403 tales
1213 1337 1361 1403 homines
1428 1384 1432 1391 -

61 1467 227 1527 erroneos,
268 1446 345 1512 fidei
389 1448 585 1514 christianae
624 1447 835 1516 adversantes
878 1450 1073 1536 inquiratur,
1098 1456 1132 1514 et
1177 1440 1364 1530 ubicunque·

61 1549 146 1627 talis,
169 1551 222 1615 cui
243 1550 278 1615 id
297 1550 432 1638 probari
453 1553 579 1639 poterit,
602 1553 795 1636 invenietur,
818 1561 853 1618 ut
869 1555 959 1641 juste
982 1551 1159 1619 secundum
1174 1546 1361 1614 mandatum

62 1655 151 1722 Suae
172 1654 296 1742 Regiae
317 1655 497 1742 Majestatis
520 1666 552 1723 et
573 1668 690 1725 nostra.
700 1659 888 1747 juramenta
920 1679 993 1723 cum
1016 1656 1129 1723 eodem
1153 1651 1359 1742 procedatur.
1416 1642 1419 1647 ’

148 1759 246 1846 Item,
281 1759 337 1826 ubi
370 1760 510 1844 dicitur,
544 1761 631 1850 quod
674 1761 777 1827 literis
812 1770 867 1827 aut
900 1763 1061 1829 mandatis
1108 1760 1228 1826 talibus
1260 1757 1360 1844 regiis

60 1864 365 1948 contradixerimus,
389 1874 422 1930 et
441 1867 526 1954 parti
563 1866 766 1932 sacerdotum
791 1890 999 1934 erroneorum
1029 1865 1283 1947 adhaeserimus,
1314 1863 1362 1928 di·

60 1973 177 2054 cimus,
201 1971 282 2036 haec
304 1968 392 2036 dicta
413 1993 486 2036 csse
508 1970 589 2037 falsa
611 1980 644 2036 et
666 1971 798 2037 minime
820 1972 1011 2060 probabilia.
1036 1972 1119 2057 Nam
1143 1973 1179 2037 in
1209 1969 1361 2038 omnibus

63 2078 196 2142 sincere
220 2083 252 2161 et
270 2076 370 2163 juste,
392 2074 572 2140 Dominum
594 2077 703 2143 Deum
724 2099 804 2165 prae
826 2077 928 2143 oculis
951 2077 1118 2159 habentes,
1150 2085 1182 2143 et
1195 2078 1362 2164 juramen·

61 2193 173 2248 torum
199 2189 383 2247 nostrorum
405 2181 478 2247 Deo
515 2191 547 2246 et
568 2183 651 2269 Regi
682 2184 910 2271 praestitorum
931 2183 1149 2264 recordantes,
1174 2191 1206 2247 et
1227 2180 1284 2245 illa
1305 2179 1361 2246 ob·

68 2294 233 2352 servantes
254 2308 315 2351 nos
339 2286 506 2372 gessimus,
530 2307 637 2373 neque
666 2309 818 2353 erroneos
849 2295 905 2353 aut
935 2287 1116 2354 haereticos
1139 2286 1361 2370 defendimus;

66 2414 143 2457 nam
163 2413 290 2479 semper
312 2392 478 2479 hucusque
500 2391 684 2457 sacerdotes
707 2392 788 2457 tales
812 2391 854 2459 ad
876 2392 1076 2458 audiendum
1099 2392 1205 2459 vocati
1228 2390 1359 2456 fuerunt

65 2497 146 2563 talia
167 2495 255 2563 dieta
276 2496 318 2562 de
352 2518 388 2563 se
411 2505 586 2583 negantes;
610 2520 716 2586 neque
737 2520 797 2563 nos
818 2518 884 2563 una
920 2520 994 2564 cum
1031 2495 1162 2582 iisdem,
1195 2488 1360 2584 quincue

59 2601 190 2669 inimici
213 2604 317 2669 nostri
341 2610 425 2685 sunt,
448 2611 563 2668 testem
585 2602 684 2668 talem
704 2603 854 2671 invenire
875 2604 1048 2691 potuimus,
1071 2604 1170 2690 quia
1203 2601 1356 2688 quopiam

59 2708 188 2797 aliquid
224 2706 333 2773 simile
366 2705 567 2789 audivisset,
603 2706 690 2792 quod
719 2705 800 2772 tales
833 2728 1000 2773 sermones
1038 2730 1211 2791 erroneos,
1245 2707 1361 2772 convi-

62 2814 188 2897 tiosos,
223 2820 256 2878 et
288 2810 377 2880 leve's
429 2809 471 2875 de
517 2810 727 2877 Sanctissima
772 2811 957 2896 Trinitate,
993 2811 1048 2879 vel
1092 2813 1136 2878 de
1172 2834 1360 2879 sacramen-

60 2921 105 2985 tis
142 2918 320 3006 protulerit
376 2915 520 3002 Ideoque
556 2918 670 2983 inanes
708 2927 740 2981 et
774 2916 842 2982 ficti
891 2925 966 2983 sunt
1013 2916 1095 2983 tales
1142 2927 1255 2983 eontra
1299 2939 1359 2982 nos

60 3045 254 3107 sermones3
291 3045 366 3087 nam
403 3023 523 3110 injuste
558 3030 670 3089 eontra
701 3045 761 3088 nos
798 3022 971 3109 agentibus
1000 3044 1135 3088 necesse
1158 3031 1227 3106 est,
1260 3045 1361 3108 quae·

63 3130 143 3195 dam
165 3128 299 3214 fingere,
322 3136 354 3193 et
375 3150 434 3215 pro
459 3127 555 3214 culpa
576 3128 743 3214 invenire;
774 3151 887 3194 verum
910 3150 976 3193 non
998 3129 1159 3210 timemus,
1181 3135 1217 3192 ut
1238 3126 1361 3192 malum

61 3233 229 3322 quoddam
274 3235 363 3323 juste
406 3232 545 3321 probare
587 3225 728 3320 possent.
798 3232 963 3319 Rogamus
999 3233 1099 3317 igitur
1147 3231 1363 3301 Serenitatem

57 3340 223 3423 Vestram,
245 3347 281 3404 ut
301 3337 482 3425 dignemini
503 3346 627 3425 partem
660 3345 804 3403 nostram
840 3338 1035 3403 contrariam
1072 3334 1226 3403 mandare
1262 3337 1361 3402 intro·

56 3446 156 3524 mitti,
177 3453 213 3510 ut
228 3452 339 3510 contra
350 3466 411 3509 noe
422 3444 456 3507 in
478 3443 661 3530 praesentia
672 3452 790 3526 nostra,
807 3451 839 3508 et
853 3451 889 3508 ut
909 3442 1021 3509 audire
1037 3444 1208 3531 possimus,
1220 3441 1358 3532 loquan-

57 3563 128 3635 tur,
153 3559 185 3616 et
216 3549 263 3614 ita
283 3549 402 3614 Vestra
419 3547 584 3614 Serenitas
606 3566 785 3633 agnoscere
807 3547 992 3635 dignabitur
1024 3571 1067 3613 ex
1087 3548 1253 3636 responsis
1284 3568 1358 3612 nos·

63 3658 128 3722 tris
160 3651 257 3742 (quae
285 3662 322 3719 ut
344 3654 441 3718 etiam
473 3652 522 3718 illi
543 3651 689 3739 audiant)
726 3651 811 3740 quod
832 3652 924 3719 fictas
955 3661 987 3718 et
1007 3653 1144 3742 injustas
1172 3676 1226 3719 res
1248 3662 1362 3723 contra

55 3784 120 3827 nos
141 3759 313 3847 proferant
361 3759 451 3825 Sciet
473 3759 594 3823 etenim
618 3757 685 3824 Sua
707 3758 882 3842 Serenitas,
922 3758 1009 3847 quod
1045 3768 1178 3846 propter
1213 3780 1359 3827 amorem

59 3880 93 3932 et
130 3865 338 3932 concordiam
368 3866 454 3930 inter
481 3885 542 3928 uos
564 3863 666 3929 laicos
699 3873 731 3928 et
763 3863 899 3931 clericos
931 3863 1097 3930 decretum
1130 3873 1163 3930 et
1182 3865 1358 3933 ,ordinatio

57 3973 183 4060 scripta
215 3972 289 4053 sint,
320 3969 362 4036 ab
384 3970 537 4035 universa
558 3970 787 4035 communitate
810 3969 1014 4053 confirmata,
1049 3978 1082 4034 et
1117 3969 1255 4057 adjectis
1289 3973 1358 4059 qui·

56 4075 198 4143 busdam
234 4077 349 4162 poenis
383 4076 417 4140 in
449 4072 550 4139 libros
584 4075 724 4139 civitatis
761 4075 902 4158 inserta3
926 4075 1080 4162 quocirca
1101 4073 1201 4141 Suam
1224 4075 1359 4142 Sereni·

55 4191 160 4249 tatem
181 4203 344 4269 rogamus,
367 4189 403 4246 ut
423 4179 481 4248 illa
504 4179 567 4247 sibi
589 4179 714 4268 perlegi
735 4178 891 4245 mandare
923 4179 1084 4267 dignetur,
1120 4180 1239 4246 exinde
1271 4180 1358 4247 clare

56 4288 210 4374 agnituri,
234 4285 394 4375 quomodo
417 4285 468 4351 his
492 4286 774 4352 contravenientes
803 4306 862 4351 nos
885 4287 1033 4372 aggressi
1067 4286 1196 4351 luerint.
1230 4285 1271 4351 In
1299 4285 1377 4352 illo

55 4394 146 4459 enim
182 4391 312 4459 decreto
334 4391 416 4457 haec
438 4392 650 4473 continentur,
672 4400 708 4456 ut
740 4389 821 4456 tales
851 4391 1014 4458 erroribus
1047 4389 1180 4457 obnoxii
1209 4391 1357 4456 homines

56 4500 104 4577 (si
125 4497 258 4583 quidam
281 4495 519 4584 invenirentur)
543 4497 703 4578 citentur,
726 4503 758 4559 et
781 4497 819 4571 si,
842 4496 928 4583 quod
951 4504 1095 4563 errantes
1118 4504 1150 4562 et
1171 4494 1259 4561 devii
1282 4496 1357 4584 siut,

55 4602 204 4689 agnitum
225 4602 332 4684 fuerit,
355 4601 567 4688 corrigantur,
591 4609 624 4664 et
646 4603 683 4683 si,
707 4603 777 4668 sive
798 4601 885 4685 laici,
907 4601 977 4669 sive
1001 4601 1158 4668 clericise
1180 4600 1356 4667 emendare

56 4715 91 4773 et
123 4708 243 4799 corrigi
275 4707 409 4790 nollent,
426 4729 470 4774 ex
485 4706 567 4786 urbe
588 4707 793 4794 relegentur3
815 4729 875 4774 nos
898 4729 976 4775 vero
1000 4708 1185 4795 seeundum
1201 4707 1271 4772 bec
1285 4706 1362 4768 uni-
